2450 3875
813 189 1107 270 ΛΟΓΟΣ
1153 201 1502 271 ΠΡΩΤΟΣ
1625 235 1632 242 -
1804 303 1808 308 .
2039 214 2156 274 115

158 369 261 437 καὶ
289 364 664 462 καθ”ᾉδου
686 369 958 457 φέροιμι
986 367 1111 439 τὸν
1137 367 1509 457 ἀλάστορα.’
1544 371 1981 454 κελεύσαντος
2004 373 2190 443 22:0¹--

157 486 332 556 μισα,
362 469 472 536 καὶ
499 474 812 536 πλεῖστον
839 469 965 555 μὲν
996 474 1088 549 είς
1111 468 1182 536 τό
1219 475 1357 555 πῦρ
1387 465 1682 551 ὁρῶντος
1710 466 1926 537 αὐτοῦ
1961 496 2157 539 κατε-

157 566 446 653 κένωσα,
476 562 691 653 βραχὺ
715 565 792 633 δὲ
822 568 1074 656 ἐμαυτῇ
1104 564 1272 654 πρὸς
1297 565 1376 634 τά
1407 565 1622 654 ἄδηλα
1643 569 1752 635 καὶ
1780 566 1901 635 τὸν
1931 568 2004 642 ἐκ
2028 575 2158 636 σοῦ

159 663 758 756 φόβονῖἒτήρησα·”

100 792 127 832 s
321 771 533 833 ταῦτα
563 770 845 834 εἰποῦσα
873 771 1255 852 προκομίζει
1281 765 1407 852 τὴν
1430 769 1705 853 πυξίδα,
1739 764 1955 854 βραχῦ
1987 789 2161 833 παν-
2188 777 2221 835 7

154 863 439 932 τάπασιν
479 868 767 951 ἔχουσαν
817 871 941 933 τοῦ
977 867 1360 953 φαρμάκου.
1429 863 1740 954 βασιλεὺς
1780 864 1836 933 δῖ
1885 865 1996 933 ἐπὶ
2034 862 2162 951 τὴν

153 966 402 1050 μητέρα
439 959 988 1050 τὴνἈντιφίλου
1025 965 1135 1031 καὶ
1174 961 1299 1032 τόν
1339 961 1640 1050 ἀδελφὸν
1675 963 1791 1042 τάς
1821 963 2162 1050 βασάνους

152 1063 504 1149 μετέφερε·
553 1059 852 1131 κάκεῖνοι
874 1062 996 1131 τόν
1012 1059 1397 1148 Ἀντίφιλον
1420 1068 1685 1149 κομίσαι
1709 1088 1779 1130 τε
1809 1059 1917 1130 ἀπ’
1942 1061 2161 1147 Αίγύ-

157 1188 328 1230 πτου
356 1162 483 1249 τὴν
508 1166 751 1243 πυξίδα
784 1159 1222 1250 ὡμολόγουν,
1265 1164 1375 1229 καὶ
1412 1169 1642 1250 λαβεῖν
1672 1158 1819 1247 παρ’
1852 1158 2159 1247 ἀδελφοῦ

76 1279 125 1321 ¹⁰
148 1258 231 1329 ’τὰ
267 1259 642 1347 φάρμακον,
684 1265 1026 1347 ἔφασκον,
1073 1259 1503 1347 ἰατρεύοντος
1554 1262 1628 1328 ἐν
1678 1256 2155 1348 Ἀλεξανδρείᾳ.

148 1359 521 1444 περιιόντες
551 1358 620 1428 δ’
657 1361 727 1429 οἰ·
749 1359 1201 1444 Ἀλεξάνδρου
1231 1362 1342 1427 καὶ
1361 1356 1879 1448 Ἀριστοβούλου
1920 1363 2157 1446 δαίμο-

148 1483 261 1536 νες
291 1455 472 1525 ἅπαν
524 1457 601 1527 τό
646 1464 1020 1547 βασίλειον,
1061 1461 1420 1545 ἐρευνηταί
1452 1484 1523 1525 τε
1567 1460 1678 1526 καὶ.
1704 1459 1991 1544 μηνυταὶ
2019 1463 2158 1524 τῶν

149 1554 423 1645 ἀδήλων
450 1559 794 1647 ἐγένοντο,
825 1558 988 1639 τούς
1014 1583 1087 1626 τε
1116 1559 1522 1646 πορρωτάτω
1559 1563 1677 1643 τῆς
1705 1555 1999 1638 ὑποψίας
2036 1554 2158 1624 ὅν·-

148 1681 266 1737 τας
289 1661 538 1741 ἔσυρον
582 1663 674 1737 εἰς
715 1657 875 1738 τούς
922 1657 1253 1743 ἐλέγχους.
1309 1652 1686 1742 εὑρίσκεται
1731 1661 1904 1741 γοῦν
1952 1658 2063 1722 καὶ
2113 1652 2158 1741 ἡ

72 1771 121 1817 13
154 1761 276 1821 τοῦ
299 1750 656 1842 ἀρχιερέως
680 1754 994 1842 θυγάτηρ
1022 1754 1404 1841 Μαριάμμη
1431 1761 1548 1840 τῆς
1576 1755 1940 1841 ἐπιβουλῆς
1963 1759 2159 1820 συνί-

150 1871 366 1941 στωρ·
424 1852 945 1942 βασανιζόμενοι
993 1858 1193 1921 τοῦτο
1257 1850 1612 1931 ἀπέδειξαν
1665 1855 1776 1919 καὶ
1815 1848 2045 1938 ,αὐτῆς
2092 1854 2162 1918 οἱ

92 1998 103 2007 -
149 1949 451 2038 ἀδελφοί.
527 1953 844 2040 βασιλεὺς
898 1954 972 2021 δὲ
1023 1959 1141 2038 τῆς
1194 1950 1499 2041 μητρῴας
1547 1950 1793 2038 τόλμης
1834 1948 1955 2018 τὸν
2003 1947 2158 2018 υίόν

144 2048 488 2138 ἠμύνατο*
538 2050 661 2121 τόν
700 2060 873 2139 γοῦν
915 2054 982 2133 ἐξ
1024 2050 1232 2137 αὐτῆς
1258 2049 1600 2136 Ἡρώδην,
1641 2048 1807 2119 ὄντα
1840 2050 2157 2135 διάδοχον

139 2147 621 2240 Ἀντιπάτρου,
651 2159 768 2237 τῆς
800 2152 1132 2239 διαθήκης
1159 2150 1524 2238 ἐξήλειψεν.

62 2278 118 2319 w
325 2253 432 2319 ἐπὶ
459 2252 724 2332 τούτοις
754 2251 867 2320 καὶ
885 2251 1244 2331 Βάθυλλος
1282 2256 1386 2330 εἰς
1416 2246 1586 2330 τούς
1617 2251 1926 2336 ἐλέγχους
1956 2252 2159 2318 συνέ-
2174 2254 2254 2319 31

151 2356 442 2438 δραμεν,
473 2378 516 2437 η
555 2356 900 2420 τελευταία
931 2355 1158 2430 πίστις
1183 2376 1321 2417 των
1350 2348 1768 2440 Ἀντιπάτρω
1789 2352 2157 2441 βεβουλευ-

147 2452 401 2538 μένων.
456 2442 543 2537 ἦν
586 2436 712 2537 μὲν
761 2448 892 2537 γὰρ
941 2446 1400 2535 ἀπελεύθερος
1452 2445 1716 2535 αὐτοῦ,
1757 2448 2043 2534 κομίζων
2086 2451 2160 2516 δὲ

142 2542 318 2637 ἧκεν
346 2545 512 2618 αλλο
536 2548 974 2636 δηλητήριον,
1004 2545 1150 2628 ἰοὺς
1173 2544 1477 2615 ἀσπίδων
1506 2547 1618 2615 καὶ
1641 2544 1890 2632 χυλοὺς
1919 2544 2162 2630 ἑτέρων

147 2648 494 2734 ἑρπετῶν,
528 2644 611 2715 ἵν’
646 2651 707 2714 εἰ
740 2643 817 2714 τὸ
848 2650 1120 2733 πρῶτον
1147 2641 1548 2731 ἀσθενήσειε
1573 2644 1964 2731 φάρμακον,
1999 2644 2160 2712 τού-

54 2772 110 2814 ⁴2⁵
144 2770 245 2836 τῳ
268 2742 589 2833 Φερώρας
612 2742 775 2831 μετά
810 2740 928 2830 τῆς
954 2741 1278 2830 γυναικὸς
1309 2739 1652 2811 ὁπλίσαιτο
1671 2743 1850 2815 κατὰ
1885 2748 2010 2809 τοῦ
2031 2748 2159 2828 βα·-

144 2845 407 2924 σιλέως.
480 2843 822 2931 πάρεργον
865 2845 937 2911 δὲ
979 2848 1097 2928 τῆς
1143 2844 1252 2910 ἐπὶ.
1286 2840 1411 2910 τὸν
1445 2845 1694 2926 πατέρα
1722 2840 1968 2928 τόλμης
2005 2841 2158 2908 ἐκό·

142 2947 294 3030 μιζε
332 2941 447 3024 τὰς
487 2942 655 3010 κατὰ
685 2968 823 3011 των
870 2940 1186 3029 ἀδελφων
1227 2941 1777 3028 ἐσκευωρημένας
1812 2938 2161 3021 ἐπιστολὰς

140 3038 259 3111 ὑπ’
289 3039 763 3128 Ἀντιπάτρου,
810 3033 984 3128 ἦσαν
1005 3043 1081 3108 δὲ
1096 3038 1439 3129 Ἀρχέλαος
1467 3040 1579 3107 καὶ
1609 3044 1940 3119 Φίλιππος
1963 3044 2162 3126 βασι·-
2283 3032 2290 3047 '

141 3142 320 3221 λέως
358 3143 588 3221 παῖδες
622 3135 997 3225 ἐπὶῬαὶμης
1027 3137 1542 3225 παιδευόμενοι,
1571 3133 1883 3223 μειράκιά
1918 3162 1990 3204 τε
2028 3133 2159 3223 ἤδη

53 3265 115 3306 3ο
146 3240 267 3308 καὶ
297 3240 729 3327 φρονήματος
773 3242 1020 3324 μεστοί.
1080 3235 1368 3316 τούτους
1407 3233 1997 3315 ἐπανακύπτοντας
2035 3232 2161 3303 αὐ·-

140 3346 275 3408 τοῦ
311 3353 454 3421 ταῖς
475 3341 737 3407 ἐλπίσιν
757 3335 1360 3407 ἀποσκευάσασθαι
1395 3333 1712 3403 σπεύδων
1733 3332 2162 3425 Ἀντίπατρος

86 3484 99 3491 -
140 3466 228 3519 ας
269 3438 403 3579 μὲν
430 3438 850 3508 πλάσσεται
860 3435 995 3507 κατ’
1054 3434 1283 3506 αὐτων
1333 3432 1682 3516 ἐπιστολὰς
1726 3435 1791 3515 ἐξ
1832 3430 2160 3525 ὀνόματος

1647 3542 1684 3606 g
1701 3545 1738 3586 τ
