2450 3875
273 180 358 242 42
697 178 865 240 ΤΟΥ
920 175 1400 238 IOYAAIKOY
1449 173 1883 237 ΠΟΛΕΜΟΥ

212 364 252 419 9
453 340 564 409 καὶ
598 335 684 407 ού
721 337 1048 426 διήμαρτε
1070 342 1187 423 τῆς
1218 335 1530 423 οἰήσεως·
1578 332 1616 403 ὁ
1644 334 1772 422 γὰρ
1795 331 2103 422 εΗριόδης
2140 334 2290 404 κατ’

283 437 500 525 ὀργὴν
523 443 640 525 τῆς
663 441 816 520 περὶ
836 436 961 523 τὴν
982 439 1180 523 δίκην
1201 432 1479 522 ἀπειλῆς
1498 433 1819 520 στρατιὰν
1839 433 2167 523 ἀθροίσας
2187 436 2299 504 ἐπὶ

270 533 756 622 Ἱεροσολύμων
783 527 938 622 ἦγε,
982 534 1383 603 καταλύσων
1410 532 1535 602 τὸν
1551 530 1895 622 Ὑρκανόν.
1955 529 2087 603 κᾶν
2108 539 2293 622 ἔφθη

279 641 481 703 τοῦτο
517 633 834 721 ποιήσας,
879 639 943 701 εί
994 630 1084 719 μὴ
1144 634 1671 717 προεξελθόντες
1723 630 1767 701 ὅ
1813 657 1887 700 τε
1929 630 2146 721 πατὴρ
2180 636 2296 702 καὶ

275 732 570 821 ἀδελφὸς
591 738 883 803 ἔκλασαν
914 736 1129 801 αὐτοῦ
1162 730 1289 819 τὴν
1310 729 1551 820 ὁρμήν,
1578 737 2127 819 παρακαλοῦντες
2162 729 2293 801 αύ-
2327 757 2354 799 5

277 832 398 902 τὸν
421 831 661 921 ἀπειλῇ
684 828 1122 900 καὶάνατάσει
1145 831 1325 919 μόνῃ
1345 836 1665 917 μετρῆσαι
1686 828 1813 917 τὴν
1824 828 2115 918 ἄμυναν,
2140 836 2297 917 φεί-

274 942 527 1001 σασθαι
550 930 626 999 δὲ
638 937 764 999 τοῦ
785 932 1109 1019 βασιλέως
1130 927 1247 1016 ὑφ’
1276 921 1362 998 οὗ
1378 931 1569 1016 μέχρι
1591 931 1916 1017 τοσαύτης
1939 929 2296 1017 δυνάμεως

275 1037 583 1118 προῆλθε
599 1058 613 1072 ·
660 1035 806 1098 δεῖν
826 1056 935 1117 τε,
967 1035 1030 1099 εί
1054 1033 1329 1117 κληθεὶς
1349 1030 1457 1098 ἐπὶ
1482 1034 1683 1116 δίκην
1705 1028 2152 1117 παρώξυνται,
2179 1030 2297 1098 καὶ

277 1130 431 1215 περὶ
451 1136 569 1216 τῆς
588 1125 887 1214 ἀφέσεως
911 1126 1350 1216 εὐχαριστεῖν,
1398 1128 1508 1196 καὶ
1534 1126 1626 1215 μὴ
1660 1128 1829 1213 πρός
1863 1128 1986 1215 μὲν
2007 1126 2083 1196 τὰ
2117 1147 2293 1196 σκυ-

274 1226 565 1314 θρωπὸν
592 1225 919 1316 ἀπαντᾶν,
943 1230 1096 1316 περὶ
1126 1228 1199 1297 δὲ
1219 1234 1337 1315 τῆς
1363 1232 1691 1314 σωτηρίας
1711 1224 2072 1314 ἀχάριστον
2093 1225 2290 1296 εἶναι.
2331 1249 2380 1292 ιο

278 1332 343 1396 εί
369 1325 443 1395 δὲ
477 1325 559 1413 δὴ
590 1328 939 1413 λογιστέον
977 1334 1080 1414 εἴη
1116 1329 1226 1394 καὶ
1260 1328 1561 1414 πολέμου
1583 1323 1796 1415 ροπάς
1825 1326 2295 1415 βραβεύεσθαι

274 1432 368 1516 τῷ
395 1432 569 1515 θεῷ,
602 1434 834 1493 πλεῖον
857 1422 1029 1494 εἶναι
1049 1430 1167 1511 τῆς
1200 1429 1514 1512 στρατιᾶς
1533 1423 1607 1491 τὰ
1645 1421 1906 1492 ἄδικον.
1954 1422 2061 1493 διό
2079 1424 2163 1511 δὴ
2178 1425 2295 1492 καὶ

275 1523 431 1609 περὶ
449 1531 569 1610 τῆς
603 1527 791 1610 νίκης
824 1520 908 1591 ού
938 1529 1180 1610 χρῆναι
1202 1520 1371 1590 κατὰ
1400 1528 1537 1591 πᾶν
1570 1518 1849 1590 εὔελπιν
1879 1519 2084 1609 εἶναι,
2127 1523 2294 1610 μέλ-

278 1622 483 1694 λοντά
504 1646 582 1708 γε
608 1622 1024 1709 συμβάλλειν
1041 1628 1306 1709 βασιλεῖ
1321 1623 1433 1688 καὶ
1452 1618 1816 1711 συντρόφῳ
1837 1620 1949 1688 καὶ
1971 1620 2295 1700 πολλάκις

273 1719 399 1808 μὲν
435 1716 788 1809 εὐεργέτῃ,
824 1725 1090 1810 χαλεπῷ
1121 1719 1195 1787 δὲ
1247 1714 1608 1805 οὐδέποτε,
1652 1716 1830 1806 πλὴν
1871 1717 2038 1788 ὅσον
2071 1744 2295 1808 πονη-
2328 1744 2376 1786 ιε

275 1831 418 1905 ροῖς
454 1819 867 1908 συμβούλοις
889 1819 1230 1906 χρεόμενος
1262 1817 1658 1884 ἐπισείσειεν
1688 1813 1876 1906 αὐτῷ
1906 1814 2106 1884 σκιάν
2134 1813 2294 1886 ἀδι-

272 1916 587 2006 κήματος.
654 1922 958 1988 πείθεται
984 1916 1249 1995 τούτοις
1270 1911 1603 2004 Ἡρώδης,
1645 1910 2015 2003 ὑπολαβών
2047 1921 2142 1997 είς
2170 1914 2296 1999 τὰς

273 2021 546 2100 ἐλπίδας
568 2014 897 2106 αὔταρκες
919 2015 1088 2086 εἶναι
1110 2017 1221 2085 καὶ
1244 2015 1319 2084 τὸ
1344 2015 1469 2103 τὴν
1493 2012 1689 2103 ἰσχὺν
1712 2016 2169 2098 ἐπιδείξασθαι
2192 2024 2296 2110 τῷ

274 2120 486 2186 ἔθνει.

172 2228 243 2282 10
442 2213 573 2284 κάν
593 2213 812 2306 τούτῳ
839 2218 1093 2302 γίνεται
1114 2215 1272 2301 περὶ
1298 2210 1659 2300 Ἀπάμειαν
1678 2211 1928 2300 ταραχὴ
1942 2210 2289 2301 Ῥωμαίων
2324 2237 2376 2278 w

271 2319 384 2385 καὶ
424 2317 712 2403 πόλεμος
745 2317 1108 2403 ἐμφύλιος,
1149 2320 1507 2383 Καικιλίου
1551 2315 1675 2399 μὲν
1701 2312 1975 2381 Βάσσου
2017 2312 2133 2381 διά
2160 2315 2295 2402 τὴν

273 2419 367 2495 εἰς
388 2412 746 2503 Πομπήιον
787 2410 1066 2481 εὔνοιαν
1095 2410 1683 2498 δολοφονήσαντος
1704 2413 1957 2493 Σέξτον
1978 2418 2293 2502 Καίσαρα

271 2514 385 2582 καὶ
416 2512 543 2600 τὴν
572 2516 836 2581 ἐκείνου
872 2511 1168 2599 δύναμιν
1207 2509 1744 2599 παραλαβόντος,
1790 2515 1929 2578 τῶν
1953 2508 2018 2578 δ’
2059 2509 2293 2582 αλλων

268 2616 608 2696 Καίσαρος
652 2616 1044 2698 στρατηγῶν
1095 2611 1204 2677 ἐπὶ
1259 2615 1542 2698 τιμωρίᾳ
1589 2614 1714 2677 τοῦ
1764 2610 1990 2695 φόνου
2048 2610 2292 2703 Βάσσῳ

268 2711 757 2798 συμβαλόντων
777 2707 940 2797 μετὰ
961 2708 1174 2795 πάσης
1194 2713 1313 2796 τῆς
1336 2706 1704 2795 δυνάμεως.
1767 2701 1869 2789 οἷς
1891 2709 2002 2776 καὶ
2022 2705 2138 2775 διὰ
2159 2704 2286 2777 τὸν
2318 2736 2370 2779 w

266 2804 693 2897 ἀνῃρημένον
721 2808 832 2875 καὶ
865 2805 980 2875 διὰ
1000 2805 1120 2874 τὸν
1150 2807 1473 2890 περιόντα
1500 2810 1837 2891 Καίσαρα,
1889 2802 2202 2890 φίλους”
2159 2831 2289 2873 ον-

264 2932 381 2986 τας
406 2900 863 2993 ἀμφοτέρους,
889 2903 941 2973 -ὁ
975 2901 1406 2989 Ἀντίπατρος
1428 2902 1540 2971 διὰ
1569 2929 1708 2971 των
1744 2907 2005 2971 παίδων
2026 2907 2288 2991 ἔπεμψε

263 3007 664 3090 συμμαχίαν.
730 3004 1202 3089 μηκυνομένου
1226 3000 1301 3069 δὲ
1326 3008 1451 3070 τοῦ
1474 3004 1772 3089 πολέμου
1800 3007 2131 3087 Μοῦρκος
2156 3004 2285 3090 μὲν

162 3120 241 3185 11
268 3098 399 3167 ἀπὸ
423 3107 539 3187 τῆς
554 3098 825 3181 Ἰταλίας
845 3104 1101 3183 Σέξτου
1129 3106 1564 3187 παραγίνεται
1584 3099 1925 3188 διάδοχος,
1959 3106 2286 3169 συνίστα-

264 3223 372 3264 ται
407 3197 481 3264 δὲ
510 3195 846 3285 Ῥωμαίοις
880 3199 1048 3267 κατὰ
1085 3205 1331 3267 τοῦτον
1359 3201 1481 3267 τὸν
1501 3198 1743 3285 καιρὸν
1768 3197 1805 3266 ὁ
1839 3201 2045 3286 μέγας
2071 3198 2283 3267 πόλε-
2313 3223 2366 3266 ιο

263 3318 417 3378 μος,
459 3302 762 3364 Κασσίου
797 3299 908 3365 καὶ
941 3299 1255 3384 Βρούτου
1295 3296 1706 3365 κτεινάντων
1738 3298 1918 3387 δόλῳ
1946 3303 2279 3386 Καίσαρα,

264 3391 678 3475 κατασχόντα
733 3394 861 3482 τὴν
909 3393 1123 3484 ἀρχὴν
1176 3394 1283 3464 ἐπ’
1336 3401 1450 3484 ἔτη
1486 3401 1636 3482 τρία
1678 3399 1791 3465 καὶ
1831 3404 2048 3484 μῆνας
2087 3397 2274 3466 ἑπτά.
