2450 3875
815 207 1110 271 ΛΟΓΟΣ
1156 206 1507 270 ΠΡΩΤΟΣ
2077 205 2160 269 27

157 370 485 458 Σκαύρου
511 373 917 460 δωροδοκίᾳ,
954 375 1178 457 παρῆν
1199 371 1275 438 δὲ
1304 370 1417 438 καὶ
1450 366 1652 448 αὐτὸς
1685 363 1775 449 ὥς
1803 362 1952 437 οἷόν
1972 395 2045 438 τε
2073 362 2162 456 ἦν

159 470 650 560 βασιλικώτατα
691 466 1126 557 κεκοσμηκώς
1175 468 1440 537 ἑαυτόν.
1512 464 1837 554 ἀδοξήσας
1877 467 1952 535 δὲ
1991 467 2162 554 πρὸς

157 569 276 650 τὰς
307 576 706 656 θεραπείας,
763 571 874 636 καὶ
915 566 1004 655 μὴ
1058 568 1294 654 φέρων
1335 564 1698 636 δουλεύειν
1737 578 1879 645 ταῖς
1914 572 2164 652 χρείαις

157 668 638 756 ταπεινότερον
687 673 816 736 τοῦ
869 667 1238 755 σχήματος,
1301 662 1433 735 ἀπὸ
1488 670 1665 734 Δίου
1719 662 1976 745 πόλεως
2029 691 2162 751 χω-

103 794 126 833 ι
156 773 422 854 ρίζεται.

321 866 498 955 πρὸς
521 865 712 937 ταῦτ’
740 864 1205 953 ἀγανακτήσας
1226 861 1611 953 Πομπήιος,
1656 860 1863 932 πολλὰ
1884 862 1995 930 καὶ
2021 867 2160 929 τών

153 967 308 1050 περὶ
324 957 655 1055 Ὑρκανὸν
676 963 1139 1052 ἱκετευόντων,
1176 961 1491 1052 ώρμησεν
1514 965 1619 1032 ἐπ’
1649 958 2168 1051 Ἀριστόβουλον

152 1063 520 1154 ἀναλαβών
559 1067 687 1152 τήν
720 1090 791 1134 τε
827 1062 1196 1152 Ῥωμαϊκὴν
1245 1062 1540 1149 δύναμιν
1581 1062 1695 1130 καὶ
1744 1058 2043 1141 πολλοῦς
2092 1061 2167 1128 ἐκ

153 1172 272 1253 τῆς
293 1171 562 1251 Συρίας
579 1166 991 1252 συμμάχους.
1034 1165 1175 1233 ἐπεὶ
1206 1165 1281 1232 δὲ
1303 1159 1750 1247 παρελαύνων
1770 1161 2033 1229 Πέλλαν
2054 1162 2166 1227 καὶ

83 1284 125 1327 ¹⁰
155 1265 616 1335 Σκυθόπολιν
646 1257 869 1352 ἧκεν’
834 1291 902 1344 ες
933 1266 1222 1351 Κορέας,
1269 1259 1440 1332 οθεν
1463 1258 1506 1349 ἦ
1532 1256 1942 1330 Ἰουδαίων”
1896 1284 2165 1347 αρχεται

149 1367 338 1453 χώρα
362 1363 531 1433 κατὰ
555 1362 681 1451 τὴν
706 1364 1060 1451 μεσόγειον
1074 1362 1430 1449 ἀνιόντων,
1455 1359 1750 1441 ἀκούσας
1772 1379 2169 1447 συμπεφευ-

151 1468 348 1551 γέναι
371 1462 495 1532 τὸν
513 1461 1030 1552 Ἀριστόβουλον
1053 1467 1146 1544 εἰς
1161 1459 1663 1548 Ἀλεξάνδρειον
1676 1464 1905 1551 (τοῦτο
1930 1462 2008 1527 δέ
2027 1461 2166 1527 ἐστι

151 1562 506 1648 φρούριον.
515 1586 653 1629 των
666 1560 850 1630 πάνυ
874 1565 1239 1647 φιλοτίμως
1258 1554 1801 1647 έξησκημένων,’
1763 1582 1936 1645 υπερ
1958 1583 2168 1643 ορους

152 1658 435 1748 ὑψηλοῦ
457 1666 818 1748 κείμενον),
859 1661 1123 1747 πέμψας
1144 1665 1575 1749 καταβαίνειν
1604 1655 1815 1728 αυτὸν
1837 1659 2164 1726 ἐκέλευσε.

84 1782 124 1824 15
153 1765 245 1853 τῷ
268 1761 348 1829 δὲ
370 1751 459 1846 ἦν
473 1762 597 1847 μὲν
617 1756 816 1847 ὁρμή,
856 1762 1252 1851 καλουμένῳ
1282 1758 1875 1847 δεσποτικώτερον,
1896 1761 2165 1826 διακιν-

153 1859 483 1929 δυνεύειν
525 1865 784 1947 μάλ-λον
835 1857 882 1948 ἢ
923 1856 1344 1950 ὑπακοῦσαι,
1401 1859 1719 1943 καθεώρα
1758 1859 1833 1926 δὲ
1869 1856 1944 1927 τὸ
1995 1862 2167 1944 πλῆ*

153 1971 285 2042 θος
317 1959 709 2048 ὀρρωδοῦν,
752 1962 864 2027 καὶ
907 1960 1265 2050 παρῄνουν
1287 1963 1357 2028 οἱ
1384 1967 1569 2048 φίλοι
1604 1961 2008 2027 σκέπτεσθαι
2041 1955 2169 2045 τὴν

145 2056 489 2146 Ῥωμαίων
538 2056 735 2145 ἰσχὺν
774 2050 989 2128 οὖσαν
1019 2056 1513 2129 ἀνυπόστατον.
1574 2052 1676 2139 οἷς
1708 2060 2013 2138 πεισθεὶς
2043 2056 2167 2124 κά-

155 2177 328 2225 τεισι
365 2155 535 2245 πρὸς
571 2155 955 2246 Πομπήιον,
1008 2159 1119 2227 καὶ
1157 2156 1374 2227 πολλὰ
1409 2157 1564 2245 περὶ
1599 2162 1722 2225 τοῦ
1747 2159 2020 2235 δικαίως
2041 2151 2167 2242 ἄρ-
2218 2198 2223 2207 =

81 2281 131 2323 κ
159 2278 306 2342 χειν
335 2252 789 2344 ἀπολογηθεὶς
828 2252 1204 2346 ὑπέστρεψε
1235 2255 1404 2345 πρὸς
1436 2254 1512 2325 τὸ
1550 2259 1789 2343 ἔρυμα.
1851 2252 2056 2323 πάλιν
2094 2278 2167 2322 τε

155 2350 509 2438 τάδελφοῦ
540 2357 1099 2443 προκαλουμένου
1121 2355 1446 2444 καταβάς,
1483 2358 1593 2422 καὶ
1615 2356 1991 2441 διαλεχθεὶς
2014 2355 2168 2435 περὶ

155 2458 300 2522 τῶν
319 2455 627 2541 δικαίων,
665 2450 896 2523 ἄπεισι
931 2454 1022 2543 μὴ
1045 2457 1431 2536 κωλύοντος
1450 2459 1977 2542 τοῦ,Πομπηιόυ.
2050 2456 2169 2539 μέ-

157 2573 277 2635 σος
319 2550 387 2623 δ’
415 2544 509 2641 ἦν
529 2556 804 2634 ἐλπίδος
843 2555 955 2623 καὶ
1002 2557 1233 2642 δέους,
1279 2557 1391 2625 καὶ
1431 2552 1663 2644 κατῄει
1703 2555 1829 2640 μὲν
1870 2550 1961 2631 ὥς
1997 2556 2166 2619 δυσ-

162 2652 459 2738 ωπήσων
500 2653 905 2772 Πομπήιον
898 2652 1099 2723 πάντ’
1145 2655 1525 2741 ἐπιτρέπειν
1569 2650 1784 2745 αὐτῷ,
1846 2650 2050 2721 πάλιν
2098 2646 2163 2717 δ’

83 2772 134 2814 25
169 2747 531 2837 ἀνέβαινεν
576 2756 667 2830 εἰς
708 2748 833 2837 τὴν
862 2777 1100 2839 ακραν,
1133 2749 1225 2833 ὥς
1264 2750 1354 2838 μὴ
1398 2750 1892 2838 προκαταλύειν
1914 2748 2171 2829 δόξειεν

164 2846 431 2916 ἑαυτόν.
479 2847 623 2915 ἐπεὶ
646 2850 874 2947 μέντοι
899 2849 1254 2938 Πομπήιος
1287 2851 1675 2932 ἐξίστασθαί
1692 2873 1764 2915 τε
1785 2872 1926 2915 των
1949 2871 2170 2932 φρου-

164 2950 335 3029 ρίων
358 2946 712 3014 ἐκέλευσεν
747 2943 962 3038 αὐτω,
1007 2948 1118 3015 καὶ
1159 2946 1597 3034 παράγγελμα
1637 2970 1777 3012 των
1818 2942 2172 3030 φρουράρ-

163 3069 305 3129 χων
347 3044 641 3129 ἐχόντων
670 3042 908 3130 μόναις
936 3054 1331 3131 πειθαρχεῖν
1357 3058 1500 3124 ταῖς
1528 3039 1983 3129 αὐτογράφοις
2024 3043 2173 3108 έπι-

164 3150 465 3229 στολαῖς,
509 3139 881 3230 ἠνάγκαζεν
901 3140 1124 3212 *αὐτὸν
1168 3142 1472 3225 εκάστοις
1515 3140 1805 3229 γράφειν
1832 3143 2171 3228 ἐκχωρεῖν,

87 3266 137 3307 ³⁰
167 3256 350 3311 ποιεῖ
387 3242 514 3330 μὲν
557 3243 633 3310 τὸ
683 3245 1142 3330 προσταχθέν,
1198 3240 1665 3330 ἀγανακτήσας
1705 3239 1780 3306 δὲ
1828 3236 2171 3324 ἀνεχώρη-

0 3348 8 3362 '
167 3362 286 3410 σεν
322 3346 417 3422 εἰς
436 3338 871 3429 Ἱεροσόλυμα
913 3341 1025 3409 καὶ
1072 3340 1599 3427 παρεσκευάζετο
1644 3342 1960 3421 πολεμεῖν
1999 3332 2170 3423 πρὸς

167 3439 541 3529 Πομπήιον.
