2450 3875
257 145 384 208 204
669 147 835 210 ΤΟΥ
890 148 1369 210 ΙΟΥΔΑΙΚΟΥ
1413 147 1851 211 ΠΟΛΕΜΟΥ
1968 185 1971 190 -

259 308 371 374 καὶ
416 303 492 373 τὸ
533 309 740 374 πλέον
782 314 1170 394 Βηρυτίων,
1214 306 1809 394 ἀναθαρσήσαντες
1858 313 1927 378 οί
1956 306 2269 379 Ἰουδαῖοι

264 404 403 492 (καὶ
445 400 572 489 γὰρ
605 401 1166 490 ἀποκεχωρηκότα
1205 412 1535 473 συνίεσαν
1565 410 1881 498 Κέστιον)
1927 421 2066 489 τοῖς
2094 405 2270 476 ἀπο·-

263 511 646 605 λειφθεῖσιν
675 499 1015 589 ἀδοκήτως
1057 505 1384 606 ἐπέπεσον
1416 506 1528 571 καὶ
1558 506 1710 591 περὶ
1747 510 2109 591 δισχιλίους
2139 503 2267 573 αύ-

152 616 167 632 “
264 606 400 667 τῶν
423 603 845 685 διέφθειραν.

167 720 234 773 10
434 696 467 766 6
504 698 576 765 δὲ
618 698 897 778 Κέστιος
935 695 1298 779 ἀναζεύξας
1341 695 1472 767 ἀπὸ
1505 705 1622 786 τῆς
1647 704 2104 786 Πτολεμαΐδος
2140 696 2268 767 αύ-
2293 726 2321 767 ⁵

149 796 157 805 ’
264 797 378 878 τὸς
439 800 565 885 μὲν
628 802 722 879 είς
781 798 1193 884 Καισάρειαν
1254 797 1666 886 ἀφικνεῖται,
1712 813 1977 886 ,μοῖραν
2026 800 2101 866 δὲ
2150 804 2269 884 τῆς

266 903 574 982 στρατιᾶς
635 898 1065 984 προέπεμψεν
1122 902 1215 977 είς
1269 894 1525 984 Ἰόπην,
1567 898 1968 987 προστάξας,
2030 903 2095 965 εἰ
2142 899 2269 983 μὲν

261 997 755 1084 καταλαβέσθαι
799 998 1162 1081 δυνηθεῖεν
1202 992 1328 1081 τὴν
1377 994 1613 1082 πόλιν,
1665 1006 2032 1082 φρουρεῖν,
2081 999 2143 1062 εί
2190 992 2271 1062 δὲ

263 1100 745 1179 προαίσθοιντο
776 1092 900 1180 τὴν
930 1096 1215 1179 ἔφοδον,
1255 1096 1640 1179 περιμένειν
1659 1092 1872 1161 αὐτόν
1907 1119 1977 1162 τε
2002 1094 2115 1162 καὶ
2143 1092 2269 1179 τὴν

261 1191 475 1281 ἄλλην
504 1194 817 1281 δύναμιν.
908 1199 1045 1260 τῶν
1090 1194 1163 1260 δὲ
1214 1198 1284 1259 οἳ
1318 1193 1442 1279 μὲν
1480 1190 1647 1260 κατὰ
1685 1194 2038 1261 θάλασσαν
2083 1198 2155 1259 οἳ
2188 1194 2267 1260 δὲ
2304 1221 2347 1261 1·

262 1291 428 1362 κατὰ
468 1299 596 1378 γῆν
646 1294 1103 1378 ἐπειχθέντες,
1147 1290 1638 1378 ἀμφοτέρωθεν
1676 1295 1941 1377 αἱροῦσι
1978 1290 2104 1377 τὴν
2143 1290 2272 1358 πό-

264 1399 373 1459 λιν
424 1394 699 1479 ῥᾳδίως·
758 1392 870 1457 καὶ
909 1390 1077 1477 μηδὲ
1126 1403 1377 1476 φυγεῖν
1420 1388 1839 1475 φθασάντων
1889 1396 2026 1457 τῶν
2081 1393 2269 1475 οίκηὲ

263 1489 516 1574 τόρων,
565 1485 690 1573 οὐχ
733 1485 920 1567 ὅπως
953 1488 1599 1574 παρασκευάσασθαι
1638 1486 1805 1572 πρὸς
1849 1486 2102 1572 μάχην,
2150 1489 2271 1572 έμ-

265 1585 585 1666 πεσόντες
633 1583 931 1665 ἅπαντας
983 1583 1256 1653 ἀνεῖλον
1301 1582 1433 1652 σὺν
1470 1596 1613 1663 ταῖς
1652 1599 1945 1671 γενεαῖς,
1996 1589 2109 1652 καὶ
2145 1587 2270 1671 τὴν

265 1686 466 1755 πόλιν
524 1685 1011 1772 διαρπάσαντες
1081 1685 1477 1770 ἐνέπρησαν.
1563 1680 1601 1751 6
1659 1684 1733 1752 δὲ
1782 1681 2075 1771 ἀριθμὸς
2126 1710 2267 1752 των
2304 1716 2347 1756 ιε

265 1787 749 1871 φονευθέντων
773 1781 1191 1867 τετρακόσιοι
1225 1781 1393 1866 πρὸς
1416 1777 1951 1866 ὀκτακισχιλίοις.
2024 1782 2273 1866 ὁμοίως

266 1886 342 1955 δὲ
397 1885 508 1952 καὶ
551 1887 646 1965 είς
710 1880 834 1970 τὴν
890 1878 1145 1968 ὅμορον
1200 1885 1323 1966 τῆς
1367 1886 1770 1965 Καισαρείας
1812 1881 2272 1969 Ναρβατηνὴν

262 1989 627 2068 τοπαρχίαν
657 1986 910 2068 ἔπεμψε
937 1978 1232 2067 συχνοὺς
1269 2005 1406 2047 των
1448 1981 1738 2066 ἱππέων,
1785 1984 1854 2046 οἳ
1881 1979 2005 2066 τήν
2034 2003 2107 2045 τε
2139 1985 2273 2063 γῆν

266 2088 501 2169 ἔτεμον
550 2081 661 2149 καὶ
717 2077 890 2149 πολὺ
934 2086 1196 2164 πλῆθος
1237 2082 1638 2165 διέφθειραν
1692 2105 1829 2149 των
1872 2081 2271 2165 ἐπιχωρίων,

264 2182 381 2260 τάς
414 2205 484 2248 τε
530 2178 794 2265 κτήσεις
817 2178 1229 2265 διήρπασαν,
1280 2180 1391 2246 καὶ
1419 2178 1537 2258 τὰς
1577 2177 1802 2265 κώμας
1835 2182 2263 2263 κατέφλεξαν.
2298 2207 2352 2250 τι

165 2290 228 2345 11
436 2283 528 2358 εἰς
561 2279 636 2345 δὲ
663 2276 789 2362 ,τὴν
817 2282 1182 2345 Γαλιλαίαν
1224 2281 1475 2345 ἔστειλε
1507 2280 1785 2356 Κέστιος
1815 2277 2078 2347 Γάλλον
2108 2272 2272 2363 ἡγε-

263 2375 438 2465 μόνα
500 2382 625 2443 τοῦ
688 2376 1073 2447 δωδεκάτου
1131 2377 1495 2465 τάγματος,
1569 2377 1919 2464 παραδοὺς
1973 2381 2271 2466 δύναμιν

262 2475 434 2565 ὅσην
473 2480 785 2563 ἀρκέσειν
830 2475 997 2565 πρὸς
1047 2476 1122 2545 τὸ
1157 2476 1361 2558 ἔθνος
1402 2473 1892 2564 ὑπελάμβανεν.
1945 2484 2194 2546 τοῦτον
2226 2505 2270 2564 η

262 2578 726 2665 καρτερωτάτη
764 2582 879 2662 τῆς
919 2581 1276 2656 Γαλιλαίας
1318 2576 1510 2655 πόλις
1538 2581 1901 2663 Σέπφωρις
1949 2576 2095 2663 μετ’
2152 2574 2270 2645 εύ-
2436 2616 2437 2633 2

263 2684 513 2765 φημίας
567 2679 856 2763 δέχεται,
918 2676 1030 2743 καὶ
1088 2673 1261 2760 πρὸς
1312 2674 1440 2761 τὴν
1490 2676 1733 2761 ταύτης
1782 2702 1861 2743 ευ
2037 2681 2151 2743 ίαν
2201 2678 2274 2742 αί
2297 2699 2348 2741 ²⁵
2432 2698 2438 2765 φ

262 2781 491 2846 λοιπαὶ
521 2777 748 2855 πόλεις
769 2772 1231 2862 ἠρέμουν.τὸ
1281 2776 1358 2842 δὲ
1386 2776 1750 2853 στασιωδες
1770 2674 2269 2940 ᾢτρικὸέ

264 2881 402 2944 πᾶν
443 2879 700 2960 ἔφυγεν
742 2878 835 2954 εἰς
874 2870 949 2939 vd
991 2877 1390 2958 μεσαίτατον
1441 2878 1559 2959 τῆς
1597 2877 1802 2940 Γαλιλ
1919 2899 1952 2953 ς
1984 2866 2263 2958 ορος,ο

261 2986 476 3042 κεῖται
495 2969 696 3059 μὲν”
652 2996 974 3059 αντικρυς
1009 2977 1126 3056 τῆς
1148 2969 1613 3058 Σεπφώρεως,
1649 2978 1943 3039 καλεῖται
1977 2973 2055 3039 δὲ
2071 2969 2269 3039 'Aua-

262 3072 430 3159 μων.
485 3068 749 3148 τούτοις
778 3065 816 3136 6
848 3067 1108 3147 Γάλλος
1144 3071 1347 3155 ἐπῆγε
1383 3068 1509 3155 τὴν
1545 3068 1859 3155 δύναμιν.
1943 3076 2015 3138 οἳ
2037 3069 2114 3139 δὲ
2144 3046 2383 3165 ἕω,

261 3173 387 3260 μὲν
417 3163 591 3257 ἦσαν
629 3168 1041 3256 ὑπερδέξιοι,
1097 3172 1344 3259 ῥαδίως
1390 3168 1553 3250 τούς
1583 3167 1940 3258 Ῥωμαίους
1977 3176 2265 3257 ἔβαλλον
2298 3195 2345 3237 ³⁰

262 3267 697 3353 προσιόντας,
741 3270 851 3335 καὶ
886 3267 1057 3355 πρὸς
1096 3272 1498 3358 διακοσίους
1525 3266 1753 3337 αὑτων
1790 3265 2093 3337 ἀνεῖλον·
2146 3294 2267 3338 πε-

262 3362 682 3450 ριελθόντων
719 3364 798 3434 δὲ
834 3369 946 3434 καὶ
982 3368 1369 3453 γενομένων
1402 3368 1477 3435 έν
1511 3380 1650 3446 τοῖς
1677 3363 2177 3455 ὑψηλοτέροιςο
2142 3396 2259 3456 ητ-
