2450 3875
283 153 420 246 '236
846 187 1122 290 conum
1172 185 1484 247 Amomffl
1527 190 1652 248 us.
1699 189 1771 246 ιι.

288 362 357 414 et
387 353 530 415 illud
562 363 737 434 caput
762 354 1081 415 invenisset
1104 369 1181 415 ex
1208 371 1350 415 auro
1381 356 1762 435 compositum
1779 398 1797 430 ,
1826 353 2021 414 multis
2049 354 2322 433 pecuniis

294 453 548 532 dignum.
624 452 699 513 ad
728 452 843 513 hoc
874 453 1047 531 igitur
1074 455 1314 532 primum
1344 452 1576 531 quidem
1620 453 1991 533 respondeo,
2041 443 2323 531 quoniam

296 552 660 632 Aegyptius,
700 551 801 611 vel
836 553 899 612 si'
928 551 1143 630 aliquid
1162 550 1282 612 tale
1318 551 1468 631 apud
1509 568 1619 611 nos
1653 551 1891 629 fuisset,
1942 569 2322 631 nequaquam

297 650 582 713 debuerat
611 651 952 729 increpare,
986 667 1156 729 quum
1191 666 1309 709 non
1339 650 1413 709 sit
1456 649 1718 736 deterior
1757 651 1951 711 asinus
1998 649 2318 710 turonibus

298 759 359 812 et
391 749 570 810 hircis
605 757 664 808 et
694 748 821 809 aliis
851 750 949 828 qui
979 758 1111 808 sunt
1138 748 1289 829 apud
1321 764 1428 809 eos
1451 748 1548 809 dii.
1622 749 1834 810 deinde
1855 749 2162 829 quomodo
2199 767 2320 809 non
2343 767 2367 806 s

296 849 586 910 intellexit
622 847 900 928 operibus
945 849 1283 928 increpatus
1312 848 1387 909 de
1438 846 1764 910 incredibili
1807 865 1914 909 sno
1955 845 2319 909 mendacio?

297 947 528 1029 legibus
580 964 827 1026 namque
865 964 1101 1028 semper
1141 950 1351 1012 utimur
1391 947 1624 1021 iisdem
1672 948 1731 1009 in
1772 948 1980 1028 quibus
2021 950 2157 1009 sine
2205 948 2318 1007 fine

298 1049 682 1110 consistimus.
724 1049 968 1127 etquum
982 1049 1327 1109 varii‘casus
1356 1037 1612 1109 nostram
1638 1048 1926 1116 civitatem
1952 1047 2107 1107 sicut
2139 1047 2316 1106 etiam
2441 1091 2442 1094 η

296 1145 539 1209 aliorum
568 1148 948 1223 vexaverint,
977 1143 1041 1208 et'
1060 1142 1484 1228 (Antiochus)
1513 1145 1712 1207 Theos
1743 1163 1816 1206 ac
1841 1144 2165 1223 Pompejus
2195 1143 2316 1204 lla·
2441 1175 2442 1178 κ

160 1273 170 1283 ·
294 1265 443 1325 gnus
479 1264 550 1307 ac
574 1244 822 1305 Licinius
856 1242 1104 1306 Crassus
1137 1254 1196 1305 et
1223 1246 1296 1307 ad
1324 1247 1695 1306 novissimum
1708 1241 1868 1305 Titus
1883 1242 2109 1305 Caesar
2141 1242 2309 1304 bello
2341 1261 2380 1302 n

248 1379 251 1380 ν
297 1348 598 1407 vincentes
619 1343 969 1406 obtinuerint
989 1346 1287 1426 templum,
1319 1345 1459 1406 nihil
1487 1344 1814 1423 hujusmodi
1845 1344 1967 1405 illic
2000 1341 2310 1417 invenere,

298 1445 406 1506 sed
435 1445 797 1525 purissimam
825 1445 1154 1524 pietatem,
1177 1445 1252 1506 de
1287 1464 1399 1526 qua
1432 1446 1573 1507 nihil
1613 1444 1784 1506 nobis
1815 1453 1907 1506 est
1945 1443 2101 1523 apud
2158 1444 2311 1506 alios

296 1542 554 1604 effabile.
657 1544 787 1622 quia
834 1559 979 1603 vero
1030 1543 1353 1605 Antiochus
1406 1562 1599 1623 neque
1641 1546 1853 1621 Justam
1895 1542 2040 1603 fecit
2101 1542 2309 1623 templi

296 1640 841 1720 depraedationem,
883 1642 990 1702 sed
1035 1650 1303 1719 egestate
1344 1643 1718 1722 pecuniarum
1763 1641 1834 1703 ad
1876 1641 1991 1701 hoe
2019 1643 2304 1716 accessit,

296 1755 469 1824 quum
496 1758 612 1800 non
644 1750 806 1801 esset
839 1740 1022 1801 hostis
1042 1786 1057 1814 ,
1099 1748 1161 1800 et
1188 1742 1386 1800 socios
1417 1741 1657 1820 insuper.
1683 1757 1792 1800 nos
1823 1756 1960 1800 suos
1988 1749 2050 1800 et
2079 1743 2301 1802 amieos
2327 1754 2367 1795 n

294 1855 619 1918 aggressus
671 1849 794 1917 est,
858 1858 968 1900 nec
1002 1838 1217 1918 aliquid
1269 1839 1501 1917 dignum
1547 1839 1840 1900 derisione
1879 1837 2002 1898 illic
2059 1839 2298 1924 invenit.

292 1940 454 2001 multi
509 1951 569 2002 et
613 1941 770 2021 digni
822 1942 1259 2020 conscriptores
1304 1924 1508 2020 super'
1535 1940 1654 2001 hoc
1696 1956 1931 2020 quoque
1992 1947 2298 2015 testantur,

294 2037 571 2115 Polybius
599 2034 1159 2118 Megalopolitanus,
1208 2037 1421 2099 Strabo
1463 2036 1817 2119 Cappadox,
1863 2035 2148 2098 Nicolaus
2183 2037 2298 2099 Da·

292 2154 626 2212 mascenus,
667 2137 1017 2215 Timagenes
1063 2145 1122 2197 et
1161 2134 1374 2197 Castor
1417 2137 1897 2217 chronographus
1942 2145 2004 2198 et
2046 2137 2298 2219 Apollo-

291 2233 500 2303 dorus;
528 2236 622 2314 qui
640 2251 842 2295 omnes
856 2235 1061 2296 dicunt·
1082 2237 1345 2315 pecuniis
1369 2234 1729 2314 indigentem
1741 2235 2088 2297 Antiochum
2113 2247 2296 2298 tram·
2321 2251 2368 2291 ²·

286 2349 552 2411 gressum
582 2332 825 2394 foedera
837 2334 1189 2395 Judaeorum
1217 2342 1276 2394 et
1288 2334 1580 2413 spoliasse
1610 2335 1884 2415 templum
1914 2350 2060 2395 auro
2090 2353 2298 2415 argen-

288 2438 468 2510 toque
504 2431 762 2510 plenum.
815 2431 964 2493 haec
1000 2433 1172 2510 igitur
1197 2431 1393 2512 Apion
1427 2432 1626 2494 debuit
1661 2436 2003 2514 respicere,
2039 2436 2154 2494 nisi
2195 2453 2300 2495 cor

288 2531 434 2591 asini
470 2530 598 2611 ipse
644 2531 839 2608 potius
891 2530 1192 2593 habuisset
1222 2541 1287 2615 ¹et
1328 2523 1735 2612 impudentiam
1767 2534 1960 2610 canis,
2005 2536 2108 2612 qui
2147 2534 2300 2615 apud

182 2688 193 2697 ,
286 2630 450 2708 ipsos
481 2629 702 2690 assolet
732 2630 866 2691 coli.
921 2648 1112 2711 neque
1144 2633 1294 2691 enim
1319 2632 1684 2693 extrinsecus
1711 2632 1827 2693 alia
1851 2634 2301 2697 ratiocinatione

284 2728 554 2788 mentitus
580 2738 689 2789 est.
722 2745 830 2789 nos
851 2729 1046 2808 itaque
1068 2731 1247 2790 asinis
1273 2747 1466 2809 neque
1489 2727 1773 2790 honorem
1802 2748 1994 2811 neque
2024 2740 2293 2810 potesta·
2325 2746 2369 2788 n

285 2818 405 2887 'tem
449 2828 695 2908 aliquam
727 2829 962 2905 damus,
1006 2829 1155 2889 sicut
1195 2829 1476 2909 Aegyptii
1515 2827 1830 2890 crocodilis
1866 2837 1926 2889 et
1967 2828 2298 2910 aspidibus,

289 2926 521 3003 qnando
552 2945 658 2987 eos
692 2928 787 3005 qui
814 2926 890 2986 ab
919 2928 1044 2988 istis
1074 2928 1410 2989 mordentur
1442 2930 1502 2987 et
1543 2944 1577 2988 a
1613 2928 1928 2989 crocodilis
1969 2931 2298 3009 rapiuntur,

286 3023 497 3085 felices
527 3033 589 3085 et
614 3025 728 3085 deo
758 3024 966 3103 dignos
1009 3024 1374 3087 arbitrantur.
1448 3026 1554 3087 sed
1594 3035 1726 3087 sunt
1766 3025 1917 3106 apud
1961 3043 2072 3087 nos
2125 3028 2297 3103 asini,

285 3123 440 3202 quod
476 3123 627 3203 apud
661 3123 807 3184 alios
846 3124 1142 3205 sapientes
1169 3126 1363 3203 viros,
1395 3122 1576 3187 onera
1607 3123 1835 3186 sibimet
1864 3125 2136 3204 imposita
2164 3144 2297 3186 sus·

282 3222 565 3293 tinentes;
604 3232 665 3283 et
705 3224 753 3282 si
793 3222 867 3283 ad
899 3241 1067 3285 areas
1108 3224 1463 3285 accedentes
1505 3225 1812 3285 comedant
1839 3232 1937 3284 aut
1981 3228 2292 3303 proposita
2325 3240 2372 3283 sn

283 3334 398 3378 nou
426 3319 797 3398 adimpleant,
830 3322 1037 3383 multas
1065 3320 1242 3383 valde
1265 3322 1469 3403 plagas
1499 3324 1811 3403 accipiunt,
1842 3324 2064 3402 quippe
2093 3328 2294 3404 operi-

282 3413 390 3476 bus
430 3426 504 3477 et·
528 3418 600 3479 ad
646 3420 1052 3498 agriculturam
1095 3420 1275 3483 rebus
1320 3423 1671 3485 necessariis
1700 3424 2108 3483 ministrantes.
2183 3423 2294 3484 sed
