<?xml version="1.0" encoding="UTF-8"?>
<!DOCTYPE html PUBLIC "-//W3C//DTD XHTML 1.0 Transitional//EN"
    "http://www.w3.org/TR/xhtml1/DTD/xhtml1-transitional.dtd">
<html xmlns="http://www.w3.org/1999/xhtml" xml:lang="en" lang="en">
 <head>
  <title>
</title>
<meta http-equiv="Content-Type" content="text/html;charset=utf-8" />
  <meta name='ocr-system' content='tesseract 3.04.00' />
  <meta name='ocr-capabilities' content='ocr_page ocr_carea ocr_par ocr_line ocrx_word'/>
</head>
<body>
  <div class='ocr_page' id='page_1' title='image "./flaviiiosephiop01bekkgoog_0973.png"; bbox 0 0 2450 3875; ppageno 0'>
   <div class='ocr_carea' id='block_1_1' title="bbox 695 209 2153 274">
    <p class='ocr_par' dir='ltr' id='par_1_1' title="bbox 695 209 2153 274">
     <span class='ocr_line' id='line_1_1' title="bbox 695 209 2153 274; baseline 0.003 -6"><span class='ocrx_word' id='word_1_1' title='bbox 695 211 971 270; x_wconf 78' lang='lat' dir='ltr'>CONTRA</span> <span class='ocrx_word' id='word_1_2' title='bbox 1006 212 1315 270; x_wconf 76' lang='lat' dir='ltr'><strong>APIONEM</strong></span> <span class='ocrx_word' id='word_1_3' title='bbox 1352 216 1474 274; x_wconf 69' lang='grc' dir='ltr'><strong>[ΑΒ.</strong></span> <span class='ocrx_word' id='word_1_4' title='bbox 1503 216 1572 272; x_wconf 90' lang='lat'><strong>11.</strong></span> <span class='ocrx_word' id='word_1_5' title='bbox 2029 209 2153 274; x_wconf 82' lang='grc'><strong>233</strong></span> 
     </span>
    </p>
   </div>
   <div class='ocr_carea' id='block_1_2' title="bbox 30 361 2267 3524">
    <p class='ocr_par' dir='ltr' id='par_1_2' title="bbox 30 361 2267 3524">
     <span class='ocr_line' id='line_1_2' title="bbox 145 361 2152 458; baseline -0.001 -19"><span class='ocrx_word' id='word_1_6' title='bbox 145 361 291 439; x_wconf 73' lang='lat' dir='ltr'><strong>fecit</strong></span> <span class='ocrx_word' id='word_1_7' title='bbox 320 385 380 438; x_wconf 91' lang='lat' dir='ltr'><strong>et</strong></span> <span class='ocrx_word' id='word_1_8' title='bbox 401 375 690 438; x_wconf 76' lang='lat' dir='ltr'><strong>infidelem</strong></span> <span class='ocrx_word' id='word_1_9' title='bbox 715 378 870 439; x_wconf 86' lang='lat' dir='ltr'><strong>circa</strong></span> <span class='ocrx_word' id='word_1_10' title='bbox 900 395 1040 438; x_wconf 86' lang='lat' dir='ltr'><strong>suos</strong></span> <span class='ocrx_word' id='word_1_11' title='bbox 1070 376 1287 439; x_wconf 86' lang='lat' dir='ltr'><strong>amicos</strong></span> <span class='ocrx_word' id='word_1_12' title='bbox 1316 378 1586 456; x_wconf 86' lang='lat' dir='ltr'><strong>instituit,</strong></span> <span class='ocrx_word' id='word_1_13' title='bbox 1618 377 1766 439; x_wconf 86' lang='lat' dir='ltr'><strong>alios</strong></span> <span class='ocrx_word' id='word_1_14' title='bbox 1789 379 2019 458; x_wconf 81' lang='lat' dir='ltr'><strong>quidem</strong></span> <span class='ocrx_word' id='word_1_15' title='bbox 2050 393 2152 455; x_wconf 76' lang='lat' dir='ltr'><strong>ge-</strong></span> 
     </span>
     <span class='ocr_line' id='line_1_3' title="bbox 148 475 2156 556; baseline 0.002 -23"><span class='ocrx_word' id='word_1_16' title='bbox 148 491 297 534; x_wconf 66' lang='lat' dir='ltr'><strong>nere</strong></span> <span class='ocrx_word' id='word_1_17' title='bbox 344 475 528 552; x_wconf 75' lang='lat' dir='ltr'><strong>regali</strong></span> <span class='ocrx_word' id='word_1_18' title='bbox 567 475 858 555; x_wconf 90' lang='lat' dir='ltr'><strong>spolians,</strong></span> <span class='ocrx_word' id='word_1_19' title='bbox 907 475 1056 536; x_wconf 88' lang='lat' dir='ltr'><strong>alios</strong></span> <span class='ocrx_word' id='word_1_20' title='bbox 1104 485 1297 538; x_wconf 88' lang='lat' dir='ltr'><strong>autem</strong></span> <span class='ocrx_word' id='word_1_21' title='bbox 1342 475 1581 537; x_wconf 87' lang='lat' dir='ltr'><strong>demens</strong></span> <span class='ocrx_word' id='word_1_22' title='bbox 1613 477 1684 537; x_wconf 89' lang='lat' dir='ltr'><strong>ad</strong></span> <span class='ocrx_word' id='word_1_23' title='bbox 1715 477 1861 539; x_wconf 89' lang='lat' dir='ltr'><strong>mala</strong></span> <span class='ocrx_word' id='word_1_24' title='bbox 1895 478 2156 556; x_wconf 85' lang='lat' dir='ltr'><strong>gerenda</strong></span> 
     </span>
     <span class='ocr_line' id='line_1_4' title="bbox 153 549 2156 656; baseline 0.002 -23"><span class='ocrx_word' id='word_1_25' title='bbox 153 573 539 652; x_wconf 84' lang='lat' dir='ltr'><strong>compellens.</strong></span> <span class='ocrx_word' id='word_1_26' title='bbox 622 574 728 635; x_wconf 90' lang='lat' dir='ltr'><strong>sed</strong></span> <span class='ocrx_word' id='word_1_27' title='bbox 763 574 897 653; x_wconf 79' lang='lat' dir='ltr'><strong>quid</strong></span> <span class='ocrx_word' id='word_1_28' title='bbox 938 583 1175 654; x_wconf 75' lang='lat' dir='ltr'><strong>oportet</strong></span> <span class='ocrx_word' id='word_1_29' title='bbox 1181 549 1452 654; x_wconf 85' lang='lat' dir='ltr'><strong>amplius</strong></span> <span class='ocrx_word' id='word_1_30' title='bbox 1502 575 1733 652; x_wconf 86' lang='lat' dir='ltr'><strong>dicere,</strong></span> <span class='ocrx_word' id='word_1_31' title='bbox 1780 591 1951 656; x_wconf 81' lang='lat' dir='ltr'><strong>quum</strong></span> <span class='ocrx_word' id='word_1_32' title='bbox 1995 576 2156 637; x_wconf 82' lang='lat' dir='ltr'><strong>illum</strong></span> 
     </span>
     <span class='ocr_line' id='line_1_5' title="bbox 148 657 2267 755; baseline 0.001 -24"><span class='ocrx_word' id='word_1_33' title='bbox 148 672 338 751; x_wconf 83' lang='lat' dir='ltr'><strong>ipsum</strong></span> <span class='ocrx_word' id='word_1_34' title='bbox 369 673 429 731; x_wconf 88' lang='lat' dir='ltr'><strong>in</strong></span> <span class='ocrx_word' id='word_1_35' title='bbox 455 673 645 734; x_wconf 82' lang='lat' dir='ltr'><strong>navali</strong></span> <span class='ocrx_word' id='word_1_36' title='bbox 670 674 982 734; x_wconf 73' lang='lat' dir='ltr'><strong>certamine</strong></span> <span class='ocrx_word' id='word_1_37' title='bbox 1004 675 1361 754; x_wconf 81' lang='lat' dir='ltr'><strong>relinquens,</strong></span> <span class='ocrx_word' id='word_1_38' title='bbox 1387 674 1444 734; x_wconf 87' lang='lat' dir='ltr'><strong>id</strong></span> <span class='ocrx_word' id='word_1_39' title='bbox 1470 683 1560 734; x_wconf 86' lang='lat' dir='ltr'><strong>est</strong></span> <span class='ocrx_word' id='word_1_40' title='bbox 1583 677 1840 736; x_wconf 86' lang='lat' dir='ltr'><strong>maritum</strong></span> <span class='ocrx_word' id='word_1_41' title='bbox 1867 677 1925 736; x_wconf 81' lang='lat' dir='ltr'><strong>et</strong></span> <span class='ocrx_word' id='word_1_42' title='bbox 1951 692 2157 755; x_wconf 85' lang='lat' dir='ltr'><strong>paren·</strong></span> <span class='ocrx_word' id='word_1_43' title='bbox 2259 657 2267 668; x_wconf 67' lang='grc'><strong>’</strong></span> 
     </span>
     <span class='ocr_line' id='line_1_6' title="bbox 85 771 2230 853; baseline 0 -19"><span class='ocrx_word' id='word_1_44' title='bbox 85 792 115 834; x_wconf 78' lang='lat' dir='ltr'><strong>s</strong></span> <span class='ocrx_word' id='word_1_45' title='bbox 156 777 274 832; x_wconf 91' lang='lat' dir='ltr'><strong>tem</strong></span> <span class='ocrx_word' id='word_1_46' title='bbox 305 772 681 833; x_wconf 87' lang='lat' dir='ltr'><strong>communium</strong></span> <span class='ocrx_word' id='word_1_47' title='bbox 707 771 969 852; x_wconf 84' lang='lat' dir='ltr'><strong>filiorum,</strong></span> <span class='ocrx_word' id='word_1_48' title='bbox 996 772 1232 833; x_wconf 84' lang='lat' dir='ltr'><strong>tradere</strong></span> <span class='ocrx_word' id='word_1_49' title='bbox 1255 790 1383 833; x_wconf 86' lang='lat' dir='ltr'><strong>cum</strong></span> <span class='ocrx_word' id='word_1_50' title='bbox 1407 773 1666 833; x_wconf 83' lang='lat' dir='ltr'><strong>exercitu</strong></span> <span class='ocrx_word' id='word_1_51' title='bbox 1692 775 2074 853; x_wconf 78' lang='lat' dir='ltr'><strong>principatum</strong></span> <span class='ocrx_word' id='word_1_52' title='bbox 2099 782 2160 835; x_wconf 86' lang='lat' dir='ltr'><strong>et</strong></span> <span class='ocrx_word' id='word_1_53' title='bbox 2216 782 2230 798; x_wconf 63' lang='lat'>³</span> 
     </span>
     <span class='ocr_line' id='line_1_7' title="bbox 153 863 2156 951; baseline 0.001 -21"><span class='ocrx_word' id='word_1_54' title='bbox 153 888 222 930; x_wconf 86' lang='lat' dir='ltr'><strong>se</strong></span> <span class='ocrx_word' id='word_1_55' title='bbox 251 870 418 950; x_wconf 82' lang='lat' dir='ltr'><strong>sequi</strong></span> <span class='ocrx_word' id='word_1_56' title='bbox 446 868 686 948; x_wconf 79' lang='lat' dir='ltr'><strong>coegit?</strong></span> <span class='ocrx_word' id='word_1_57' title='bbox 716 871 1029 931; x_wconf 81' lang='lat' dir='ltr'><strong>novissime</strong></span> <span class='ocrx_word' id='word_1_58' title='bbox 1052 888 1201 932; x_wconf 86' lang='lat' dir='ltr'><strong>vero</strong></span> <span class='ocrx_word' id='word_1_59' title='bbox 1224 870 1579 932; x_wconf 78' lang='lat' dir='ltr'><strong>Alexandria</strong></span> <span class='ocrx_word' id='word_1_60' title='bbox 1610 888 1641 931; x_wconf 87' lang='lat' dir='ltr'><strong>a</strong></span> <span class='ocrx_word' id='word_1_61' title='bbox 1674 870 1930 933; x_wconf 82' lang='lat' dir='ltr'><strong>Caesare</strong></span> <span class='ocrx_word' id='word_1_62' title='bbox 1957 863 2156 951; x_wconf 82' lang='lat' dir='ltr'><strong>capta,</strong></span> 
     </span>
     <span class='ocr_line' id='line_1_8' title="bbox 152 957 2191 1049; baseline 0.001 -20"><span class='ocrx_word' id='word_1_63' title='bbox 152 967 228 1030; x_wconf 81' lang='lat' dir='ltr'><strong>ad</strong></span> <span class='ocrx_word' id='word_1_64' title='bbox 252 968 367 1029; x_wconf 80' lang='lat' dir='ltr'><strong>hoc</strong></span> <span class='ocrx_word' id='word_1_65' title='bbox 396 987 583 1048; x_wconf 82' lang='lat' dir='ltr'><strong>usque</strong></span> <span class='ocrx_word' id='word_1_66' title='bbox 615 957 896 1049; x_wconf 80' lang='lat' dir='ltr'><strong>perducta</strong></span> <span class='ocrx_word' id='word_1_67' title='bbox 927 979 1018 1031; x_wconf 90' lang='lat' dir='ltr'><strong>est</strong></span> <span class='ocrx_word' id='word_1_68' title='bbox 1049 979 1110 1030; x_wconf 90' lang='lat' dir='ltr'><strong>ut</strong></span> <span class='ocrx_word' id='word_1_69' title='bbox 1134 968 1379 1031; x_wconf 87' lang='lat' dir='ltr'><strong>salutem</strong></span> <span class='ocrx_word' id='word_1_70' title='bbox 1407 968 1541 1029; x_wconf 81' lang='lat' dir='ltr'><strong>hinc</strong></span> <span class='ocrx_word' id='word_1_71' title='bbox 1570 982 1814 1049; x_wconf 82' lang='lat' dir='ltr'><strong>sperare</strong></span> <span class='ocrx_word' id='word_1_72' title='bbox 1844 990 1911 1031; x_wconf 88' lang='lat' dir='ltr'><strong>se</strong></span> <span class='ocrx_word' id='word_1_73' title='bbox 1932 971 2191 1047; x_wconf 81' lang='lat' dir='ltr'><strong>judica--</strong></span> 
     </span>
     <span class='ocr_line' id='line_1_9' title="bbox 148 1066 2158 1148; baseline 0.001 -22"><span class='ocrx_word' id='word_1_74' title='bbox 148 1067 265 1141; x_wconf 77' lang='lat' dir='ltr'><strong>ret,</strong></span> <span class='ocrx_word' id='word_1_75' title='bbox 297 1067 347 1127; x_wconf 82' lang='lat' dir='ltr'><strong>si</strong></span> <span class='ocrx_word' id='word_1_76' title='bbox 378 1075 585 1146; x_wconf 89' lang='lat' dir='ltr'><strong>posset</strong></span> <span class='ocrx_word' id='word_1_77' title='bbox 604 1068 732 1147; x_wconf 88' lang='lat' dir='ltr'><strong>ipsa</strong></span> <span class='ocrx_word' id='word_1_78' title='bbox 760 1077 1066 1129; x_wconf 84' lang='lat' dir='ltr'><strong>manu&#39;sua</strong></span> <span class='ocrx_word' id='word_1_79' title='bbox 1082 1066 1346 1128; x_wconf 65' lang='lat' dir='ltr'><strong>,ludaeos</strong></span> <span class='ocrx_word' id='word_1_80' title='bbox 1375 1067 1687 1147; x_wconf 86' lang='lat' dir='ltr'><strong>perimere,</strong></span> <span class='ocrx_word' id='word_1_81' title='bbox 1705 1085 1782 1128; x_wconf 88' lang='lat' dir='ltr'><strong>eo</strong></span> <span class='ocrx_word' id='word_1_82' title='bbox 1814 1068 1968 1148; x_wconf 89' lang='lat' dir='ltr'><strong>quod</strong></span> <span class='ocrx_word' id='word_1_83' title='bbox 1999 1069 2158 1128; x_wconf 87' lang='lat' dir='ltr'><strong>circa</strong></span> 
     </span>
     <span class='ocr_line' id='line_1_10' title="bbox 150 1165 2158 1246; baseline 0 -20"><span class='ocrx_word' id='word_1_84' title='bbox 150 1181 354 1226; x_wconf 87' lang='lat' dir='ltr'><strong>omnes</strong></span> <span class='ocrx_word' id='word_1_85' title='bbox 389 1165 642 1226; x_wconf 82' lang='lat' dir='ltr'><strong>crudelis</strong></span> <span class='ocrx_word' id='word_1_86' title='bbox 674 1167 997 1228; x_wconf 79' lang='lat' dir='ltr'><strong>etinlidelis</strong></span> <span class='ocrx_word' id='word_1_87' title='bbox 1014 1174 1293 1227; x_wconf 86' lang='lat' dir='ltr'><strong>exstaret.</strong></span> <span class='ocrx_word' id='word_1_88' title='bbox 1315 1175 1561 1246; x_wconf 86' lang='lat' dir='ltr'><strong>putasne</strong></span> <span class='ocrx_word' id='word_1_89' title='bbox 1592 1166 1953 1244; x_wconf 79' lang='lat' dir='ltr'><strong>gloriandum</strong></span> <span class='ocrx_word' id='word_1_90' title='bbox 1987 1166 2158 1227; x_wconf 86' lang='lat' dir='ltr'><strong>nobis</strong></span> 
     </span>
     <span class='ocr_line' id='line_1_11' title="bbox 67 1263 2160 1345; baseline -0.001 -21"><span class='ocrx_word' id='word_1_91' title='bbox 67 1281 121 1324; x_wconf 81' lang='lat' dir='ltr'><strong>lo</strong></span> <span class='ocrx_word' id='word_1_92' title='bbox 154 1282 271 1328; x_wconf 86' lang='lat' dir='ltr'><strong>non</strong></span> <span class='ocrx_word' id='word_1_93' title='bbox 291 1283 450 1341; x_wconf 88' lang='lat' dir='ltr'><strong>esse,</strong></span> <span class='ocrx_word' id='word_1_94' title='bbox 486 1266 556 1342; x_wconf 89' lang='lat' dir='ltr'><strong>si,</strong></span> <span class='ocrx_word' id='word_1_95' title='bbox 580 1265 1056 1345; x_wconf 80' lang='lat' dir='ltr'><strong>quemadmodum</strong></span> <span class='ocrx_word' id='word_1_96' title='bbox 1073 1265 1211 1326; x_wconf 85' lang='lat' dir='ltr'><strong>dicit</strong></span> <span class='ocrx_word' id='word_1_97' title='bbox 1224 1265 1438 1345; x_wconf 81' lang='lat' dir='ltr'><strong>Apion,</strong></span> <span class='ocrx_word' id='word_1_98' title='bbox 1464 1263 1631 1325; x_wconf 82' lang='lat' dir='ltr'><strong>famis</strong></span> <span class='ocrx_word' id='word_1_99' title='bbox 1643 1273 1908 1344; x_wconf 81' lang='lat' dir='ltr'><strong>tempore</strong></span> <span class='ocrx_word' id='word_1_100' title='bbox 1919 1264 2160 1325; x_wconf 67' lang='lat' dir='ltr'><strong>ludaeis</strong></span> 
     </span>
     <span class='ocr_line' id='line_1_12' title="bbox 154 1362 2160 1443; baseline -0.001 -19"><span class='ocrx_word' id='word_1_101' title='bbox 154 1365 401 1425; x_wconf 88' lang='lat' dir='ltr'><strong>triticum</strong></span> <span class='ocrx_word' id='word_1_102' title='bbox 429 1381 546 1426; x_wconf 88' lang='lat' dir='ltr'><strong>non</strong></span> <span class='ocrx_word' id='word_1_103' title='bbox 577 1375 668 1425; x_wconf 88' lang='lat' dir='ltr'><strong>est</strong></span> <span class='ocrx_word' id='word_1_104' title='bbox 697 1362 942 1425; x_wconf 76' lang='lat' dir='ltr'><strong>mensa?</strong></span> <span class='ocrx_word' id='word_1_105' title='bbox 991 1363 1099 1426; x_wconf 87' lang='lat' dir='ltr'><strong>sed</strong></span> <span class='ocrx_word' id='word_1_106' title='bbox 1138 1364 1240 1425; x_wconf 88' lang='lat' dir='ltr'><strong>illa</strong></span> <span class='ocrx_word' id='word_1_107' title='bbox 1270 1364 1499 1443; x_wconf 82' lang='lat' dir='ltr'><strong>quidem</strong></span> <span class='ocrx_word' id='word_1_108' title='bbox 1530 1380 1777 1442; x_wconf 89' lang='lat' dir='ltr'><strong>poenam</strong></span> <span class='ocrx_word' id='word_1_109' title='bbox 1807 1362 1982 1424; x_wconf 87' lang='lat' dir='ltr'><strong>subiit</strong></span> <span class='ocrx_word' id='word_1_110' title='bbox 2005 1378 2160 1423; x_wconf 82' lang='lat' dir='ltr'><strong>com-</strong></span> 
     </span>
     <span class='ocr_line' id='line_1_13' title="bbox 156 1461 2161 1544; baseline -0.001 -20"><span class='ocrx_word' id='word_1_111' title='bbox 156 1472 485 1544; x_wconf 85' lang='lat' dir='ltr'><strong>petentem,</strong></span> <span class='ocrx_word' id='word_1_112' title='bbox 508 1480 618 1524; x_wconf 88' lang='lat' dir='ltr'><strong>nos</strong></span> <span class='ocrx_word' id='word_1_113' title='bbox 648 1472 838 1526; x_wconf 85' lang='lat' dir='ltr'><strong>autem</strong></span> <span class='ocrx_word' id='word_1_114' title='bbox 867 1464 1113 1524; x_wconf 84' lang='lat' dir='ltr'><strong>maximo</strong></span> <span class='ocrx_word' id='word_1_115' title='bbox 1141 1461 1404 1524; x_wconf 80' lang='lat' dir='ltr'><strong>Caesare</strong></span> <span class='ocrx_word' id='word_1_116' title='bbox 1430 1464 1639 1522; x_wconf 80' lang='lat' dir='ltr'><strong>utimur</strong></span> <span class='ocrx_word' id='word_1_117' title='bbox 1668 1471 1820 1523; x_wconf 82' lang='lat' dir='ltr'><strong>teste</strong></span> <span class='ocrx_word' id='word_1_118' title='bbox 1851 1461 2046 1523; x_wconf 85' lang='lat' dir='ltr'><strong>auxilii</strong></span> <span class='ocrx_word' id='word_1_119' title='bbox 2079 1471 2161 1521; x_wconf 90' lang='lat' dir='ltr'><strong>at·</strong></span> 
     </span>
     <span class='ocr_line' id='line_1_14' title="bbox 156 1560 2248 1640; baseline 0 -18"><span class='ocrx_word' id='word_1_120' title='bbox 156 1578 272 1640; x_wconf 82' lang='lat' dir='ltr'><strong>que</strong></span> <span class='ocrx_word' id='word_1_121' title='bbox 305 1560 438 1621; x_wconf 76' lang='lat' dir='ltr'><strong>(idei</strong></span> <span class='ocrx_word' id='word_1_122' title='bbox 465 1579 634 1640; x_wconf 74' lang='lat' dir='ltr'><strong>quam</strong></span> <span class='ocrx_word' id='word_1_123' title='bbox 667 1563 823 1623; x_wconf 86' lang='lat' dir='ltr'><strong>circa</strong></span> <span class='ocrx_word' id='word_1_124' title='bbox 855 1580 984 1622; x_wconf 87' lang='lat' dir='ltr'><strong>eum</strong></span> <span class='ocrx_word' id='word_1_125' title='bbox 1000 1569 1202 1621; x_wconf 87' lang='lat' dir='ltr'><strong>contra</strong></span> <span class='ocrx_word' id='word_1_126' title='bbox 1218 1560 1548 1639; x_wconf 71' lang='lat' dir='ltr'><strong>Aegyptios</strong></span> <span class='ocrx_word' id='word_1_127' title='bbox 1570 1562 1883 1638; x_wconf 78' lang='lat' dir='ltr'><strong>gessimus,</strong></span> <span class='ocrx_word' id='word_1_128' title='bbox 1911 1578 2023 1621; x_wconf 88' lang='lat' dir='ltr'><strong>nec</strong></span> <span class='ocrx_word' id='word_1_129' title='bbox 2047 1560 2164 1619; x_wconf 77' lang='lat' dir='ltr'><strong>noh</strong></span> <span class='ocrx_word' id='word_1_130' title='bbox 2241 1613 2248 1622; x_wconf 88' lang='lat'><strong>.</strong></span> 
     </span>
     <span class='ocr_line' id='line_1_15' title="bbox 157 1658 2164 1740; baseline 0 -22"><span class='ocrx_word' id='word_1_131' title='bbox 157 1668 221 1719; x_wconf 78' lang='lat' dir='ltr'><strong>et</strong></span> <span class='ocrx_word' id='word_1_132' title='bbox 252 1669 457 1719; x_wconf 82' lang='lat' dir='ltr'><strong>senatu</strong></span> <span class='ocrx_word' id='word_1_133' title='bbox 485 1662 728 1740; x_wconf 81' lang='lat' dir='ltr'><strong>ejusque</strong></span> <span class='ocrx_word' id='word_1_134' title='bbox 759 1661 1059 1736; x_wconf 80' lang='lat' dir='ltr'><strong>consultis,</strong></span> <span class='ocrx_word' id='word_1_135' title='bbox 1092 1668 1153 1720; x_wconf 90' lang='lat' dir='ltr'><strong>et</strong></span> <span class='ocrx_word' id='word_1_136' title='bbox 1181 1660 1447 1739; x_wconf 87' lang='lat' dir='ltr'><strong>epistolis</strong></span> <span class='ocrx_word' id='word_1_137' title='bbox 1463 1658 1734 1720; x_wconf 78' lang='lat' dir='ltr'><strong>Caesaris</strong></span> <span class='ocrx_word' id='word_1_138' title='bbox 1745 1658 2013 1736; x_wconf 78' lang='lat' dir='ltr'><strong>Aug-usti,</strong></span> <span class='ocrx_word' id='word_1_139' title='bbox 2039 1658 2164 1738; x_wconf 82' lang='lat' dir='ltr'><strong>qni-</strong></span> 
     </span>
     <span class='ocr_line' id='line_1_16' title="bbox 67 1756 2163 1837; baseline 0 -20"><span class='ocrx_word' id='word_1_140' title='bbox 67 1773 122 1817; x_wconf 76' lang='lat'><strong>15</strong></span> <span class='ocrx_word' id='word_1_141' title='bbox 160 1756 270 1818; x_wconf 83' lang='lat' dir='ltr'><strong>hus</strong></span> <span class='ocrx_word' id='word_1_142' title='bbox 300 1765 498 1818; x_wconf 87' lang='lat' dir='ltr'><strong>nostra</strong></span> <span class='ocrx_word' id='word_1_143' title='bbox 526 1759 726 1820; x_wconf 88' lang='lat' dir='ltr'><strong>merita</strong></span> <span class='ocrx_word' id='word_1_144' title='bbox 750 1757 1217 1837; x_wconf 86' lang='lat' dir='ltr'><strong>comprobantur.</strong></span> <span class='ocrx_word' id='word_1_145' title='bbox 1263 1757 1367 1819; x_wconf 80' lang='lat' dir='ltr'><strong>has</strong></span> <span class='ocrx_word' id='word_1_146' title='bbox 1399 1757 1596 1818; x_wconf 84' lang='lat' dir='ltr'><strong>literas</strong></span> <span class='ocrx_word' id='word_1_147' title='bbox 1610 1757 1899 1837; x_wconf 88' lang='lat' dir='ltr'><strong>Apionem</strong></span> <span class='ocrx_word' id='word_1_148' title='bbox 1927 1766 2163 1836; x_wconf 86' lang='lat' dir='ltr'><strong>oporte·</strong></span> 
     </span>
     <span class='ocr_line' id='line_1_17' title="bbox 154 1855 2163 1935; baseline 0 -18"><span class='ocrx_word' id='word_1_149' title='bbox 154 1856 257 1917; x_wconf 84' lang='lat' dir='ltr'><strong>bat</strong></span> <span class='ocrx_word' id='word_1_150' title='bbox 288 1855 614 1934; x_wconf 74' lang='lat' dir='ltr'><strong>inspicere,</strong></span> <span class='ocrx_word' id='word_1_151' title='bbox 653 1864 712 1917; x_wconf 89' lang='lat' dir='ltr'><strong>et</strong></span> <span class='ocrx_word' id='word_1_152' title='bbox 740 1857 1057 1917; x_wconf 89' lang='lat' dir='ltr'><strong>secundum</strong></span> <span class='ocrx_word' id='word_1_153' title='bbox 1087 1874 1310 1935; x_wconf 77' lang='lat' dir='ltr'><strong>genera</strong></span> <span class='ocrx_word' id='word_1_154' title='bbox 1341 1857 1669 1918; x_wconf 86' lang='lat' dir='ltr'><strong>examinare</strong></span> <span class='ocrx_word' id='word_1_155' title='bbox 1699 1857 2021 1917; x_wconf 86' lang='lat' dir='ltr'><strong>testimonia</strong></span> <span class='ocrx_word' id='word_1_156' title='bbox 2056 1856 2163 1917; x_wconf 85' lang='lat' dir='ltr'><strong>sub</strong></span> 
     </span>
     <span class='ocr_line' id='line_1_18' title="bbox 152 1950 2162 2041; baseline -0.002 -21"><span class='ocrx_word' id='word_1_157' title='bbox 152 1957 496 2020; x_wconf 85' lang='lat' dir='ltr'><strong>Alexandro</strong></span> <span class='ocrx_word' id='word_1_158' title='bbox 509 1956 664 2019; x_wconf 82' lang='lat' dir='ltr'><strong>facta</strong></span> <span class='ocrx_word' id='word_1_159' title='bbox 701 1966 763 2018; x_wconf 86' lang='lat' dir='ltr'><strong>et</strong></span> <span class='ocrx_word' id='word_1_160' title='bbox 794 1950 1055 2018; x_wconf 66' lang='lat' dir='ltr'><strong>omnibns</strong></span> <span class='ocrx_word' id='word_1_161' title='bbox 1070 1956 1440 2041; x_wconf 78' lang='lat' dir='ltr'><strong>Ptolemaeis,</strong></span> <span class='ocrx_word' id='word_1_162' title='bbox 1463 1967 1525 2019; x_wconf 87' lang='lat' dir='ltr'><strong>et</strong></span> <span class='ocrx_word' id='word_1_163' title='bbox 1550 1973 1700 2036; x_wconf 84' lang='lat' dir='ltr'><strong>quae</strong></span> <span class='ocrx_word' id='word_1_164' title='bbox 1728 1972 1762 2017; x_wconf 86' lang='lat' dir='ltr'><strong>a</strong></span> <span class='ocrx_word' id='word_1_165' title='bbox 1793 1965 1995 2016; x_wconf 88' lang='lat' dir='ltr'><strong>senatu</strong></span> <span class='ocrx_word' id='word_1_166' title='bbox 2026 1968 2162 2016; x_wconf 66' lang='lat' dir='ltr'><strong>con»</strong></span> 
     </span>
     <span class='ocr_line' id='line_1_19' title="bbox 154 2054 2164 2135; baseline -0.001 -15"><span class='ocrx_word' id='word_1_167' title='bbox 154 2061 350 2120; x_wconf 86' lang='lat' dir='ltr'><strong>stituta</strong></span> <span class='ocrx_word' id='word_1_168' title='bbox 383 2067 546 2135; x_wconf 87' lang='lat' dir='ltr'><strong>sunt,</strong></span> <span class='ocrx_word' id='word_1_169' title='bbox 593 2074 706 2119; x_wconf 86' lang='lat' dir='ltr'><strong>nec</strong></span> <span class='ocrx_word' id='word_1_170' title='bbox 749 2075 863 2118; x_wconf 92' lang='lat' dir='ltr'><strong>non</strong></span> <span class='ocrx_word' id='word_1_171' title='bbox 898 2065 955 2117; x_wconf 90' lang='lat' dir='ltr'><strong>et</strong></span> <span class='ocrx_word' id='word_1_172' title='bbox 982 2058 1244 2118; x_wconf 85' lang='lat' dir='ltr'><strong>maximis</strong></span> <span class='ocrx_word' id='word_1_173' title='bbox 1269 2056 1541 2117; x_wconf 86' lang='lat' dir='ltr'><strong>Romanis</strong></span> <span class='ocrx_word' id='word_1_174' title='bbox 1573 2054 2034 2133; x_wconf 76' lang='lat' dir='ltr'><strong>imperatoribus.</strong></span> <span class='ocrx_word' id='word_1_175' title='bbox 2114 2058 2164 2117; x_wconf 87' lang='lat' dir='ltr'><strong>si</strong></span> 
     </span>
     <span class='ocr_line' id='line_1_20' title="bbox 156 2138 2163 2219; baseline -0.002 -2"><span class='ocrx_word' id='word_1_176' title='bbox 156 2174 300 2219; x_wconf 82' lang='lat' dir='ltr'><strong>vero</strong></span> <span class='ocrx_word' id='word_1_177' title='bbox 328 2156 701 2219; x_wconf 81' lang='lat' dir='ltr'><strong>Germanicus</strong></span> <span class='ocrx_word' id='word_1_178' title='bbox 724 2156 1009 2217; x_wconf 83' lang='lat' dir='ltr'><strong>frumenta</strong></span> <span class='ocrx_word' id='word_1_179' title='bbox 1044 2155 1265 2216; x_wconf 85' lang='lat' dir='ltr'><strong>cunctis</strong></span> <span class='ocrx_word' id='word_1_180' title='bbox 1296 2156 1352 2214; x_wconf 87' lang='lat' dir='ltr'><strong>in</strong></span> <span class='ocrx_word' id='word_1_181' title='bbox 1377 2153 1729 2217; x_wconf 82' lang='lat' dir='ltr'><strong>Alexandria</strong></span> <span class='ocrx_word' id='word_1_182' title='bbox 1765 2138 2163 2215; x_wconf 76' lang='lat' dir='ltr'><strong>commoranti·</strong></span> 
     </span>
     <span class='ocr_line' id='line_1_21' title="bbox 66 2252 2166 2336; baseline 0.001 -23"><span class='ocrx_word' id='word_1_183' title='bbox 66 2271 127 2313; x_wconf 71' lang='grc' dir='ltr'>ω</span> <span class='ocrx_word' id='word_1_184' title='bbox 162 2256 271 2318; x_wconf 88' lang='lat' dir='ltr'><strong>bus</strong></span> <span class='ocrx_word' id='word_1_185' title='bbox 299 2259 488 2319; x_wconf 87' lang='lat' dir='ltr'><strong>metiri</strong></span> <span class='ocrx_word' id='word_1_186' title='bbox 508 2274 625 2317; x_wconf 86' lang='lat' dir='ltr'><strong>non</strong></span> <span class='ocrx_word' id='word_1_187' title='bbox 655 2257 864 2336; x_wconf 75' lang='lat' dir='ltr'><strong>potnit,</strong></span> <span class='ocrx_word' id='word_1_188' title='bbox 894 2256 1009 2317; x_wconf 88' lang='lat' dir='ltr'><strong>hoc</strong></span> <span class='ocrx_word' id='word_1_189' title='bbox 1032 2256 1299 2317; x_wconf 80' lang='lat' dir='ltr'><strong>indicium</strong></span> <span class='ocrx_word' id='word_1_190' title='bbox 1324 2262 1417 2315; x_wconf 89' lang='lat' dir='ltr'><strong>est</strong></span> <span class='ocrx_word' id='word_1_191' title='bbox 1435 2252 1765 2327; x_wconf 67' lang='lat' dir='ltr'><strong>sterilitatis</strong></span> <span class='ocrx_word' id='word_1_192' title='bbox 1787 2271 1859 2314; x_wconf 87' lang='lat' dir='ltr'><strong>ac</strong></span> <span class='ocrx_word' id='word_1_193' title='bbox 1889 2255 2166 2333; x_wconf 86' lang='lat' dir='ltr'><strong>penuriae</strong></span> 
     </span>
     <span class='ocr_line' id='line_1_22' title="bbox 156 2338 2166 2433; baseline -0.001 -17"><span class='ocrx_word' id='word_1_194' title='bbox 156 2355 604 2433; x_wconf 75' lang='lat' dir='ltr'><strong>frumentorum,</strong></span> <span class='ocrx_word' id='word_1_195' title='bbox 641 2372 760 2415; x_wconf 87' lang='lat' dir='ltr'><strong>non</strong></span> <span class='ocrx_word' id='word_1_196' title='bbox 787 2338 1083 2416; x_wconf 79' lang='lat' dir='ltr'><strong>accusatio</strong></span> <span class='ocrx_word' id='word_1_197' title='bbox 1108 2352 1482 2429; x_wconf 82' lang='lat' dir='ltr'><strong>Judaeorum.</strong></span> <span class='ocrx_word' id='word_1_198' title='bbox 1558 2352 1693 2432; x_wconf 86' lang='lat' dir='ltr'><strong>qnid</strong></span> <span class='ocrx_word' id='word_1_199' title='bbox 1727 2353 1875 2413; x_wconf 90' lang='lat' dir='ltr'><strong>enim</strong></span> <span class='ocrx_word' id='word_1_200' title='bbox 1917 2356 2166 2415; x_wconf 83' lang='lat' dir='ltr'><strong>sentiant</strong></span> 
     </span>
     <span class='ocr_line' id='line_1_23' title="bbox 160 2450 2163 2533; baseline -0.002 -19"><span class='ocrx_word' id='word_1_201' title='bbox 160 2470 364 2529; x_wconf 76' lang='lat' dir='ltr'><strong>omnes</strong></span> <span class='ocrx_word' id='word_1_202' title='bbox 394 2454 777 2533; x_wconf 87' lang='lat' dir='ltr'><strong>imperatores</strong></span> <span class='ocrx_word' id='word_1_203' title='bbox 816 2453 890 2515; x_wconf 87' lang='lat' dir='ltr'><strong>de</strong></span> <span class='ocrx_word' id='word_1_204' title='bbox 913 2453 1151 2514; x_wconf 83' lang='lat' dir='ltr'><strong>Judaeis</strong></span> <span class='ocrx_word' id='word_1_205' title='bbox 1184 2454 1242 2515; x_wconf 90' lang='lat' dir='ltr'><strong>in</strong></span> <span class='ocrx_word' id='word_1_206' title='bbox 1268 2451 1620 2514; x_wconf 83' lang='lat' dir='ltr'><strong>Alexandria</strong></span> <span class='ocrx_word' id='word_1_207' title='bbox 1657 2450 2163 2527; x_wconf 80' lang='lat' dir='ltr'><strong>commorantibus,</strong></span> 
     </span>
     <span class='ocr_line' id='line_1_24' title="bbox 159 2547 2167 2632; baseline -0.002 -20"><span class='ocrx_word' id='word_1_208' title='bbox 159 2551 352 2632; x_wconf 84' lang='lat' dir='ltr'><strong>palam</strong></span> <span class='ocrx_word' id='word_1_209' title='bbox 376 2561 495 2611; x_wconf 85' lang='lat' dir='ltr'><strong>est:</strong></span> <span class='ocrx_word' id='word_1_210' title='bbox 529 2570 659 2617; x_wconf 88' lang='lat' dir='ltr'><strong>nam</strong></span> <span class='ocrx_word' id='word_1_211' title='bbox 690 2553 1106 2615; x_wconf 84' lang='lat' dir='ltr'><strong>administratio</strong></span> <span class='ocrx_word' id='word_1_212' title='bbox 1136 2551 1310 2612; x_wconf 89' lang='lat' dir='ltr'><strong>tritici</strong></span> <span class='ocrx_word' id='word_1_213' title='bbox 1339 2549 1517 2611; x_wconf 85' lang='lat' dir='ltr'><strong>nihilo</strong></span> <span class='ocrx_word' id='word_1_214' title='bbox 1552 2549 1737 2626; x_wconf 77' lang='lat' dir='ltr'><strong>magis</strong></span> <span class='ocrx_word' id='word_1_215' title='bbox 1772 2547 1844 2609; x_wconf 85' lang='lat' dir='ltr'><strong>ab</strong></span> <span class='ocrx_word' id='word_1_216' title='bbox 1875 2550 1963 2610; x_wconf 89' lang='lat' dir='ltr'><strong>eis</strong></span> <span class='ocrx_word' id='word_1_217' title='bbox 1998 2563 2167 2628; x_wconf 79' lang='lat' dir='ltr'><strong>quam</strong></span> 
     </span>
     <span class='ocr_line' id='line_1_25' title="bbox 161 2646 2164 2731; baseline -0.002 -21"><span class='ocrx_word' id='word_1_218' title='bbox 161 2647 236 2710; x_wconf 86' lang='lat' dir='ltr'><strong>ab</strong></span> <span class='ocrx_word' id='word_1_219' title='bbox 268 2648 397 2710; x_wconf 90' lang='lat' dir='ltr'><strong>aliis</strong></span> <span class='ocrx_word' id='word_1_220' title='bbox 422 2649 828 2712; x_wconf 84' lang='lat' dir='ltr'><strong>Alexandrinis</strong></span> <span class='ocrx_word' id='word_1_221' title='bbox 855 2648 1147 2731; x_wconf 66' lang='lat' dir='ltr'><strong>{translata</strong></span> <span class='ocrx_word' id='word_1_222' title='bbox 1185 2657 1296 2710; x_wconf 86' lang='lat' dir='ltr'><strong>est.</strong></span> <span class='ocrx_word' id='word_1_223' title='bbox 1367 2649 1668 2710; x_wconf 87' lang='lat' dir='ltr'><strong>maximam</strong></span> <span class='ocrx_word' id='word_1_224' title='bbox 1695 2664 1838 2707; x_wconf 80' lang='lat' dir='ltr'><strong>vero</strong></span> <span class='ocrx_word' id='word_1_225' title='bbox 1873 2649 1961 2708; x_wconf 87' lang='lat' dir='ltr'><strong>eis</strong></span> <span class='ocrx_word' id='word_1_226' title='bbox 1994 2646 2164 2708; x_wconf 81' lang='lat' dir='ltr'><strong>fldem</strong></span> 
     </span>
     <span class='ocr_line' id='line_1_26' title="bbox 30 2743 2165 2825; baseline -0.002 -14"><span class='ocrx_word' id='word_1_227' title='bbox 30 2768 130 2818; x_wconf 66' lang='grc' dir='ltr'><strong>,π</strong></span> <span class='ocrx_word' id='word_1_228' title='bbox 166 2749 304 2810; x_wconf 90' lang='lat' dir='ltr'><strong>olim</strong></span> <span class='ocrx_word' id='word_1_229' title='bbox 345 2765 380 2807; x_wconf 83' lang='lat' dir='ltr'><strong>a</strong></span> <span class='ocrx_word' id='word_1_230' title='bbox 419 2748 656 2825; x_wconf 78' lang='lat' dir='ltr'><strong>regibus</strong></span> <span class='ocrx_word' id='word_1_231' title='bbox 687 2749 874 2810; x_wconf 88' lang='lat' dir='ltr'><strong>datam</strong></span> <span class='ocrx_word' id='word_1_232' title='bbox 907 2766 1262 2811; x_wconf 76' lang='lat' dir='ltr'><strong>conservare</strong></span> <span class='ocrx_word' id='word_1_233' title='bbox 1297 2746 1636 2820; x_wconf 85' lang='lat' dir='ltr'><strong>voluerunt,</strong></span> <span class='ocrx_word' id='word_1_234' title='bbox 1688 2743 1747 2804; x_wconf 88' lang='lat' dir='ltr'><strong>id</strong></span> <span class='ocrx_word' id='word_1_235' title='bbox 1792 2753 1881 2804; x_wconf 86' lang='lat' dir='ltr'><strong>est</strong></span> <span class='ocrx_word' id='word_1_236' title='bbox 1921 2745 2165 2806; x_wconf 82' lang='lat' dir='ltr'><strong>fluminis</strong></span> 
     </span>
     <span class='ocr_line' id='line_1_27' title="bbox 161 2834 2165 2928; baseline -0.002 -19"><span class='ocrx_word' id='word_1_237' title='bbox 161 2845 486 2909; x_wconf 84' lang='lat' dir='ltr'><strong>custodiam</strong></span> <span class='ocrx_word' id='word_1_238' title='bbox 520 2847 811 2927; x_wconf 83' lang='lat' dir='ltr'><strong>totiusque</strong></span> <span class='ocrx_word' id='word_1_239' title='bbox 842 2846 1165 2928; x_wconf 85' lang='lat' dir='ltr'><strong>custodiae,</strong></span> <span class='ocrx_word' id='word_1_240' title='bbox 1195 2862 1558 2926; x_wconf 79' lang='lat' dir='ltr'><strong>nequaquam</strong></span> <span class='ocrx_word' id='word_1_241' title='bbox 1586 2840 1678 2902; x_wconf 85' lang='lat' dir='ltr'><strong>his</strong></span> <span class='ocrx_word' id='word_1_242' title='bbox 1700 2839 1876 2902; x_wconf 84' lang='lat' dir='ltr'><strong>rebus</strong></span> <span class='ocrx_word' id='word_1_243' title='bbox 1897 2834 2165 2923; x_wconf 74' lang='lat' dir='ltr'><strong>indignos</strong></span> 
     </span>
     <span class='ocr_line' id='line_1_28' title="bbox 160 2943 679 3021; baseline -0.008 -13"><span class='ocrx_word' id='word_1_244' title='bbox 160 2964 299 3008; x_wconf 90' lang='lat' dir='ltr'><strong>esse</strong></span> <span class='ocrx_word' id='word_1_245' title='bbox 331 2943 679 3021; x_wconf 81' lang='lat' dir='ltr'><strong>jndicantes.</strong></span> 
     </span>
     <span class='ocr_line' id='line_1_29' title="bbox 335 3034 2229 3124; baseline 0 -21"><span class='ocrx_word' id='word_1_246' title='bbox 335 3042 441 3103; x_wconf 88' lang='lat' dir='ltr'><strong>sed</strong></span> <span class='ocrx_word' id='word_1_247' title='bbox 489 3060 668 3121; x_wconf 86' lang='lat' dir='ltr'><strong>super</strong></span> <span class='ocrx_word' id='word_1_248' title='bbox 706 3042 820 3105; x_wconf 86' lang='lat' dir='ltr'><strong>hoc</strong></span> <span class='ocrx_word' id='word_1_249' title='bbox 842 3034 1180 3124; x_wconf 78' lang='lat' dir='ltr'><strong>“quomodo</strong></span> <span class='ocrx_word' id='word_1_250' title='bbox 1222 3034 1413 3123; x_wconf 72' lang='lat' dir='ltr'><strong>ergo”</strong></span> <span class='ocrx_word' id='word_1_251' title='bbox 1443 3035 1767 3124; x_wconf 82' lang='lat' dir='ltr'><strong>inquit,“si</strong></span> <span class='ocrx_word' id='word_1_252' title='bbox 1806 3053 1937 3105; x_wconf 85' lang='lat' dir='ltr'><strong>sunt</strong></span> <span class='ocrx_word' id='word_1_253' title='bbox 1983 3045 2164 3119; x_wconf 82' lang='lat' dir='ltr'><strong>cives,</strong></span> <span class='ocrx_word' id='word_1_254' title='bbox 2192 3060 2229 3117; x_wconf 76' lang='grc'>6</span> 
     </span>
     <span class='ocr_line' id='line_1_30' title="bbox 159 3134 2164 3224; baseline -0.001 -18"><span class='ocrx_word' id='word_1_255' title='bbox 159 3143 405 3207; x_wconf 85' lang='lat' dir='ltr'><strong>eosdem</strong></span> <span class='ocrx_word' id='word_1_256' title='bbox 433 3142 601 3218; x_wconf 88' lang='lat' dir='ltr'><strong>deos,</strong></span> <span class='ocrx_word' id='word_1_257' title='bbox 627 3159 775 3221; x_wconf 85' lang='lat' dir='ltr'><strong>quos</strong></span> <span class='ocrx_word' id='word_1_258' title='bbox 790 3142 1187 3219; x_wconf 82' lang='lat' dir='ltr'><strong>Alexandrini,</strong></span> <span class='ocrx_word' id='word_1_259' title='bbox 1220 3161 1335 3204; x_wconf 90' lang='lat' dir='ltr'><strong>non</strong></span> <span class='ocrx_word' id='word_1_260' title='bbox 1368 3134 1649 3204; x_wconf 78' lang='lat' dir='ltr'><strong>colunt?&#39;&#39;</strong></span> <span class='ocrx_word' id='word_1_261' title='bbox 1678 3148 1769 3206; x_wconf 90' lang='lat' dir='ltr'><strong>cui</strong></span> <span class='ocrx_word' id='word_1_262' title='bbox 1797 3144 2164 3224; x_wconf 88' lang='lat' dir='ltr'><strong>respondeo:</strong></span> 
     </span>
     <span class='ocr_line' id='line_1_31' title="bbox 69 3242 2165 3325; baseline -0.001 -17"><span class='ocrx_word' id='word_1_263' title='bbox 69 3264 127 3308; x_wconf 77' lang='lat' dir='ltr'><strong>so</strong></span> <span class='ocrx_word' id='word_1_264' title='bbox 164 3242 458 3325; x_wconf 80' lang='lat' dir='ltr'><strong>quomodo</strong></span> <span class='ocrx_word' id='word_1_265' title='bbox 478 3244 672 3319; x_wconf 86' lang='lat' dir='ltr'><strong>etiam,</strong></span> <span class='ocrx_word' id='word_1_266' title='bbox 703 3261 874 3323; x_wconf 87' lang='lat' dir='ltr'><strong>quum</strong></span> <span class='ocrx_word' id='word_1_267' title='bbox 889 3262 997 3305; x_wconf 81' lang='lat' dir='ltr'><strong>vos</strong></span> <span class='ocrx_word' id='word_1_268' title='bbox 1023 3245 1144 3306; x_wconf 86' lang='lat' dir='ltr'><strong>sitis</strong></span> <span class='ocrx_word' id='word_1_269' title='bbox 1158 3244 1459 3323; x_wconf 77' lang='lat' dir='ltr'><strong>Aegyptii,</strong></span> <span class='ocrx_word' id='word_1_270' title='bbox 1479 3245 1629 3305; x_wconf 90' lang='lat' dir='ltr'><strong>inter</strong></span> <span class='ocrx_word' id='word_1_271' title='bbox 1655 3245 1964 3309; x_wconf 88' lang='lat' dir='ltr'><strong>alterutros</strong></span> <span class='ocrx_word' id='word_1_272' title='bbox 2000 3260 2165 3325; x_wconf 85' lang='lat' dir='ltr'><strong>prae·</strong></span> 
     </span>
     <span class='ocr_line' id='line_1_32' title="bbox 162 3342 2166 3423; baseline 0 -18"><span class='ocrx_word' id='word_1_273' title='bbox 162 3344 247 3406; x_wconf 89' lang='lat' dir='ltr'><strong>lio</strong></span> <span class='ocrx_word' id='word_1_274' title='bbox 278 3358 486 3421; x_wconf 76' lang='lat' dir='ltr'><strong>magno</strong></span> <span class='ocrx_word' id='word_1_275' title='bbox 516 3351 581 3402; x_wconf 84' lang='lat' dir='ltr'><strong>et</strong></span> <span class='ocrx_word' id='word_1_276' title='bbox 609 3343 733 3403; x_wconf 88' lang='lat' dir='ltr'><strong>sine</strong></span> <span class='ocrx_word' id='word_1_277' title='bbox 765 3342 1011 3405; x_wconf 74' lang='lat' dir='ltr'><strong>foedere</strong></span> <span class='ocrx_word' id='word_1_278' title='bbox 1040 3345 1115 3405; x_wconf 88' lang='lat' dir='ltr'><strong>de</strong></span> <span class='ocrx_word' id='word_1_279' title='bbox 1141 3345 1431 3422; x_wconf 81' lang='lat' dir='ltr'><strong>religione</strong></span> <span class='ocrx_word' id='word_1_280' title='bbox 1465 3342 1851 3406; x_wconf 80' lang='lat' dir='ltr'><strong>contenditis?</strong></span> <span class='ocrx_word' id='word_1_281' title='bbox 1881 3354 1975 3423; x_wconf 83' lang='lat' dir='ltr'><strong>aut</strong></span> <span class='ocrx_word' id='word_1_282' title='bbox 2000 3353 2166 3405; x_wconf 87' lang='lat' dir='ltr'><strong>certe</strong></span> 
     </span>
     <span class='ocr_line' id='line_1_33' title="bbox 159 3444 2165 3524; baseline 0.001 -22"><span class='ocrx_word' id='word_1_283' title='bbox 159 3451 624 3523; x_wconf 65' lang='lat' dir='ltr'><strong>propter-camon</strong></span> <span class='ocrx_word' id='word_1_284' title='bbox 652 3459 762 3503; x_wconf 83' lang='lat' dir='ltr'><strong>vos</strong></span> <span class='ocrx_word' id='word_1_285' title='bbox 801 3460 1003 3505; x_wconf 86' lang='lat' dir='ltr'><strong>omnes</strong></span> <span class='ocrx_word' id='word_1_286' title='bbox 1032 3444 1275 3506; x_wconf 79' lang='lat' dir='ltr'><strong>dicimus</strong></span> <span class='ocrx_word' id='word_1_287' title='bbox 1299 3445 1661 3524; x_wconf 74' lang='lat' dir='ltr'><strong>Aegyptios,</strong></span> <span class='ocrx_word' id='word_1_288' title='bbox 1701 3454 1762 3506; x_wconf 91' lang='lat' dir='ltr'><strong>et</strong></span> <span class='ocrx_word' id='word_1_289' title='bbox 1789 3462 1980 3524; x_wconf 85' lang='lat' dir='ltr'><strong>neque</strong></span> <span class='ocrx_word' id='word_1_290' title='bbox 2012 3460 2165 3506; x_wconf 90' lang='lat' dir='ltr'><strong>com·</strong></span> 
     </span>
    </p>
   </div>
  </div>
 </body>
</html>
