2450 3875
792 196 1084 257 ΛΟΓΟΣ
1119 196 1560 257 ΔΕΥΤΕΡΟΣ
2057 193 2174 256 173

180 360 469 442 σαρείας.
512 360 583 425 οἱ
605 359 679 427 δὲ
712 360 872 446 περὶ
906 355 1027 426 τὸν
1064 351 1379 443 Ἰωάννην
1402 356 1681 426 δυνατοὶ
1713 354 1975 428 δῶδεκα
2005 354 2198 444 πρὸς

175 459 467 543 Φλῶρον
504 454 821 536 ἐλθόντες
863 460 955 535 εἰς
980 454 1334 542 Σεβαστὴν
1367 453 1809 542 ἀπωδύροντο
1850 459 2003 543 περὶ
2033 463 2171 525 τῶν

173 558 698 642 πεπραγμένων,
730 558 841 624 καὶ
862 561 1145 642 βοηθεῖν
1167 556 1489 642 ἱκέτευον,
1524 555 1899 641 αἰδημόνως
1921 552 2168 642 ὑπομι-

166 655 589 740 μνήσκοντες
613 659 751 722 τῶν
790 649 963 720 ὀκτῶ
1008 649 1372 720 ταλάντων.
1460 648 1502 719 ὂ
1531 652 1606 720 δὲ
1654 653 1765 720 καὶ
1813 651 2171 740 συλλαβῶν

115 788 145 829 ³
176 755 376 838 ἔδησε
407 749 566 832 τοῦς
608 749 890 839 ἄνδρας,
936 749 1326 836 αἰτιώμενος
1362 747 1536 838 ὑπὲρ
1575 758 1699 820 τοῦ
1728 750 1891 832 τοῦς
1917 750 2171 840 νόμους

174 853 547 937 ἐξενεγκεῖν
568 857 686 937 τῆς
712 855 1131 936 Καισαρείας.

344 949 511 1038 πρὸς
546 956 744 1019 τοῦτο
784 963 922 1030 τοῖς
952 951 1029 1016 ἐν
1063 945 1544 1036 Ἱεροσολύμοις
1584 944 2040 1037 ἀγανάκτησις
2056 941 2163 1036 ἦν,
2196 952 2232 1007 6

172 1050 275 1116 ἔτι
308 1051 538 1134 μέντοι
581 1045 738 1129 τοῦς
778 1044 1047 1135 θυμοὺς
1068 1058 1393 1132 κατεῖχον.
1450 1042 1486 1113 ὁ
1523 1048 1596 1114 δὲ
1629 1053 1903 1135 Φλῶρος
1942 1044 2169 1132 ῶσπερ

172 1143 654 1235 ῆργολαβηκῶς
674 1150 989 1233 ἐκριπίζει
1015 1143 1135 1214 τὸν
1156 1144 1473 1234 πόλεμον,
1504 1147 1615 1213 καὶ
1636 1148 1895 1232 πέμψας
1922 1148 2028 1215 ἐπὶ
2049 1149 2170 1215 τὸν

93 1281 145 1322 ιο
180 1247 367 1334 ἰερόν
401 1248 759 1334 θησαυρὸν
793 1249 1032 1335 ἐξαίρει
1070 1246 1510 1316 ἑπτακαίδεκα
1523 1244 1864 1334 (τάλαντα,
1909 1249 2170 1334 σκηψά-

179 1370 385 1431 μενος
407 1350 500 1424 εἰς
520 1341 637 1424 τάς
664 1350 1000 1427 Καίσαρος
1027 1349 1267 1430 χρείας.
1314 1342 1635 1430 σύγχυσις
1656 1340 1723 1411 δ’
1759 1341 2014 1425 εὐθέως
2039 1343 2170 1432 εἶχε

174 1442 301 1513 τὸν
335 1449 573 1531 δῆμον,
597 1445 706 1512 καὶ
732 1442 1233 1530 συνδραμόντες
1256 1447 1349 1522 εἰς
1370 1440 1443 1509 τὸ
1464 1442 1650 1530 ἰζερόν
1672 1449 1859 1530 βοαῖς
1880 1446 2172 1530 διαπρυ-
2227 1475 2232 1486 “

178 1549 353 1621 σίοις
379 1540 455 1609 τὸ
486 1548 822 1627 Καίσαρος
851 1538 1231 1610 ἀνεκάλουν
1263 1538 1515 1628 ὄνομα,
1562 1543 1672 1610 καὶ
1724 1547 1845 1627 τῆς
1883 1542 2169 1629 Φλῶρον

178 1644 581 1727 τυραννίδος
623 1641 1037 1726 ἐλευθεροῦν
1080 1644 1256 1727 σφᾶς
1305 1642 1624 1708 ἱκέτευον.
1712 1643 1995 1710 ἔνιονδὲ
2023 1649 2172 1711 ’τῶν

86 1777 149 1818 1&
181 1744 601 1809 στασιαστῶν
632 1742 971 1824 λοιδορίας
1000 1742 1378 1823 αἰσχίστους
1418 1742 1511 1818 εἰς
1547 1735 1670 1805 τὸν
1699 1744 1985 1825 Φλῶρον
2024 1742 2170 1809 ἐκε-
2211 1806 2222 1820 ,

173 1837 533 1926 κράγεσαν,
564 1839 672 1905 καὶ
703 1843 963 1905 κανοῦν
991 1839 1466 1923 περιφέροντες
1494 1836 1787 1926 ἐπῄτουν
1810 1835 1994 1928 αύτῷ
2014 1844 2178 1924 πέρ-1

171 1964 351 2025 ματα
372 1939 681 2024 καθάπερ
702 1932 968 2025 ἀκλήρῳ
999 1938 1110 2003 καὶ
1124 1935 1543 2027 ταλαιπῶρφ.
1588 1933 1851 2017 τούτοις
1873 1932 2000 2005 οὐκ
2024 1940 2171 2006 ἐνε-

172 2034 395 2122 τράπη
412 2032 543 2123 ,τὴν
565 2032 1050 2123 φιλαργυρίάν,
1081 2030 1231 2103 ἀλλ’
1257 2034 1366 2102 ἐπὶ
1399 2034 1473 2101 τό
1496 2040 1752 2127 μᾶλλον
1768 2041 2169 2122 χρηματίσα-

174 2145 343 2204 σθαι
378 2139 877 2220 προσωργίσθη.
952 2137 1110 2201 δέον
1132 2138 1305 2220 γοῦν
1340 2138 1432 2213 εἰς
1458 2131 1860 2219 Καισάρειαν
1881 2133 2171 2203 ἐλθόντα

81 2270 142 2311 20
176 2236 413 2321 σβέσαι
442 2233 516 2301 τὸ
542 2238 667 2300 τοῦ
698 2234 991 2318 πολέμου
1032 2236 1168 2316 πῦρ
1201 2234 1467 2299 ἐκεῖθεν
1502 2227 1873 2319 ἀρχόμενον
1902 2233 2012 2299 καὶ
2054 2239 2171 2319 τῆς

172 2338 464 2418 ταραχῆς
492 2327 758 2400 ἀνελεῖν
798 2328 914 2412 τὰς
950 2335 1191 2416 αἰτίας,
1236 2326 1351 2417 ἐφ’
1390 2321 1444 2422 ᾦ
1487 2332 1596 2398 καὶ
1631 2328 1883 2418 μισθὸν
1907 2336 2168 2421 ἔλαβεν,

173 2428 214 2501 ὃ
242 2432 315 2500 δὲ
341 2428 505 2519 μετὰ
527 2437 836 2516 στρατιᾶς
864 2435 1137 2516 ἱππικῆς
1157 2455 1229 2498 τε
1257 2432 1369 2498 καὶ
1392 2435 1654 2517 πεζικῆς
1677 2431 1783 2498 ἐπὶ
1797 2428 2170 2517 Ἰεροσολύ-

174 2558 327 2619 μων
365 2528 698 2619 ῶρμησεν,
744 2534 858 2598 ἵνα
901 2543 1039 2610 τοῖς
1062 2527 1400 2617 Ῥωμαίων
1432 2528 1662 2612 ὅπλοις
1696 2531 2052 2617 ἐργάσηται
2091 2535 2167 2600 τό

175 2628 620 2717 βουλόμενον,
658 2628 770 2698 καὶ
795 2634 890 2719 τῷ
912 2631 1045 2697 δέει
1078 2631 1195 2697 καὶ
1211 2643 1353 2710 ταῖς
1372 2626 1674 2710 ἀπειλαῖς
1695 2629 2025 2718 περιδύσῃ
2046 2629 2171 2716 τὴν

35 2744 39 2749 ’
76 2746 134 2787 ‘2⁵
174 2729 397 2800 πόλιν.

341 2823 381 2895 ὁ
406 2825 481 2895 δὲ
509 2830 716 2914 δῆμος
737 2830 1264 2914 προδυσωπῆσαι
1287 2824 1410 2912 τὴν
1441 2823 1658 2914 ὁρμὴν
1686 2824 1900 2895 αὐτοῦ
1917 2826 2167 2914 βουλό-
2188 2834 2222 2891 7

171 2951 409 3013 μενος,
436 2921 702 3017 ὑπαντᾷ
712 2939 852 3006 τοῖς
875 2926 1309 3012 στρατιώταις
1329 2922 1477 3012 μετ’
1515 2923 1878 3014 εὐφημίας,
1906 2929 2018 2993 καὶ
2044 2924 2168 2993 τόν

169 3029 462 3111 Φλῶρον
473 3029 978 3108 θεραπευτικῶς
991 3026 1378 3110 ἐκδέχεσθαι
1393 3023 1911 3108 παρεσκεύαστο.
1942 3019 2168 3091 κάκεῖ-

169 3148 290 3203 νος
318 3124 714 3209 προπέμψας
735 3119 867 3190 σῦν
888 3126 1167 3191 ἱππεῦσι
1193 3122 1605 3208 πεντήκοντα
1628 3128 1989 3191 Καπίτωνα
2013 3122 2168 3189 ε’κα-

78 3239 135 3281 ³⁰
169 3220 545 3308 τοντάρχην
568 3221 940 3309 ἀναχωρεῖν
968 3219 1221 3301 αῦτοῦς
1244 3222 1579 3308 ἐκέλευσε,
1619 3222 1730 3290 καὶ
1767 3220 1858 3309 μὴ
1881 3220 2051 3308 πρὸς
2083 3216 2167 3287 ὃν

168 3320 389 3402 οὕτως
409 3320 849 3409 ἐλοιδόρησαν
872 3326 1157 3409 αἰσχρῶς
1177 3318 1657 3408 εἰρωνεύεσθαι
1679 3318 1795 3402 τάς
1809 3326 1943 3390 νῦν
1964 3328 2166 3407 φιλο-

165 3421 561 3512 φρονήσεις·
625 3424 771 3491 δεῖν
816 3419 948 3511 γὰρ
990 3418 1275 3510 αὐτούς,
1330 3429 1515 3511 εἰπερ
1557 3426 1860 3509 γενναῖοί
1885 3425 2014 3491 εἰσι
2051 3425 2163 3489 καὶ
