2450 3875
310 188 433 253 234
851 191 1127 250 CONTRA
1168 190 1480 250 AmoNEm
1533 192 1662 250 ΗΒ.
1707 191 1775 250 11.

312 359 558 422 maniter
578 358 863 435 homines,
892 355 1158 437 quoniam
1181 354 1399 418 bestias
1421 354 1799 417 adversantes
1821 366 2062 420 naturae
2087 367 2332 420 nostrae

312 457 543 535 colitis,
587 456 765 523 multa
812 455 1108 534 diligentia
1150 451 1518 515 nutrientes?
1557 472 1728 533 quum
1755 472 1942 532 genus
1984 457 2331 536 ntique-no·

304 565 557 617 atrorum
590 572 761 615 unum
800 564 978 634 atque
1018 553 1173 615 idem
1213 532 1351 614 eise
1387 552 1669 614 videatur.
1745 554 1797 614 si
1833 562 2026 615 autem
2059 554 2119 615 in
2147 554 2331 615 vobis

303 654 613 735 Aegyptiis
647 662 840 715 tantae
864 653 1226 714 differentiae
1257 653 1588 733 opinionum
1613 662 1770 731 sunt,
1801 652 1936 733 quid
1964 654 2202 714 miraris
2233 671 2331 714 su·

306 769 418 834 per
448 753 539 815 his
571 753 668 833 qui
698 751 927 814 aliunde
956 753 1014 814 in
1050 750 1461 813 Alexandriam
1502 752 1889 830 advenerunt,
1931 754 1986 813 si
2015 752 2261 831 legibus
2295 771 2332 815 a
2355 769 2381 806 ε

305 852 594 934 principie
622 845 946 913 constitutis
971 850 1128 918 cirea
1150 848 1290 913 talia
1323 849 1744 931 permansere?
1769 853 1819 912 is
1847 860 2037 914 autem
2073 844 2327 914 seditio-

263 1000 277 1013 .
306 951 396 1012 nis
428 967 635 1012 causas
665 948 837 1010 nobis
863 950 1104 1029 apponit
1116 970 1132 1016 ;
1164 950 1262 1028 qui
1295 950 1345 1008 si
1380 968 1508 1010 cum
1536 951 1784 1012 veritate
1818 950 1896 1012 ob
1922 950 2038 1011 boc
2078 962 2328 1014 accusat

305 1049 565 1114 Judaeos
606 1049 663 1109 in
702 1048 1056 1110 Alexandria
1101 1049 1445 1111 constitutos
1467 1093 1485 1126 ,
1520 1067 1655 1110 cnr-
1669 1066 1873 1138 omnes
1920 1067 2036 1111 non
2069 1050 2326 1130 culpare

239 1195 245 1201 .
303 1149 495 1229 possit
541 1164 616 1208 eo
654 1147 814 1227 quod
854 1157 1161 1209 noscamur
1193 1147 1415 1209 babere
1446 1145 1860 1209 concordiam?
1916 1165 2100 1228 porro
2143 1149 2324 1210 etiam

244 1249 263 1270 ²
303 1247 604 1308 seditionis
627 1256 899 1307 auctores
923 1245 1168 1326 quilibet
1190 1245 1704 1325 inveniet-Apionis
1733 1245 1952 1306 similes
1967 1245 2321 1330 Alexandri·
2355 1257 2390 1296 Β

222 1392 233 1403 .
304 1363 507 1407 norum
538 1345 719 1405 inisse
755 1346 937 1407 cives.
1020 1345 1212 1407 donec
1240 1346 1392 1405 enim
1424 1343 1633 1406 Graeci
1663 1344 1832 1405 fuere
1859 1353 1922 1407 et
1955 1342 2320 1406 Macedones

306 1444 456 1505 hanc
478 1445 767 1506 civitatem
788 1444 1322 1523 babentes‚nullam
1351 1444 1700 1507 seditionem
1725 1443 2008 1526 adversus
2035 1460 2150 1505 nos
2176 1461 2317 1522 ges·

305 1559 466 1620 sere,
501 1544 608 1605 sed
638 1545 888 1624 antiquis
916 1563 1159 1606 cessere
1189 1543 1673 1606 solemnitatibus.
1742 1561 1915 1624 quum
1943 1560 2094 1604 vero
2124 1544 2314 1606 multi·

301 1641 440 1708 tudo
454 1642 879 1723 Aegyptiorum
910 1644 1195 1704 crevisset
1222 1643 1375 1704 inter
1387 1658 1494 1703 eos
1522 1650 1764 1722 propter
1777 1640 2158 1704 confusiones
2173 1650 2314 1703 ten·

303 1757 530 1821 porum,
547 1742 721 1803 etiam
746 1740 861 1802 hoc
887 1757 1038 1820 opus
1067 1757 1303 1820 semper
1331 1748 1424 1801 est
1449 1739 1719 1801 additum.
1764 1747 2186 1801 nostramvero
2213 1758 2313 1819 ge-
2345 1751 2384 1791 Β

302 1858 409 1902 nus
443 1841 1010 1922 permansitpurum.
1067 1841 1180 1922 ipsi
1211 1841 1389 1918 igitur
1418 1839 1725 1900 molestiae
1756 1839 1925 1918 hujus
1955 1840 2130 1901 fuere
2159 1842 2309 1920 prin·

166 2008 179 2017 ,
303 1941 534 2021 sipiani,
563 1956 927 2020 nequaquam
957 1938 1176 2020 populo
1190 1939 1630 2002 Macedonicam
1654 1938 1904 2002 habente
1936 1942 2314 2002 constantia-

304 2039 894 2119 neque-prudentiam
906 2036 1207 2116 Graecam,
1223 2036 1331 2100 sed
1358 2039 1579 2099 cunctis
1614 2037 1842 2099 scilicet
1871 2038 2166 2099 utentibus
2199 2056 2310 2100 na·

304 2137 381 2199 lis
400 2138 656 2199 moribus
674 2135 1120 2217 Aegyptiorum,
1144 2146 1205 2199 et
1233 2138 1496 2217 antiquas
1521 2137 1846 2199 inimicitias
1866 2136 2181 2199 adversum
2209 2155 2312 2199 nes

304 2235 737 2317 exercentibus.
802 2254 845 2297 e
870 2237 1105 2298 diverso
1135 2253 1385 2316 namque
1425 2236 1635 2297 factum
1679 2244 1772 2297 est
1806 2235 1962 2315 quod
2004 2235 2179 2298 nobis
2209 2237 2308 2297 im·
2335 2252 2382 2292 a·

304 2350 628 2414 properare
658 2344 1046 2414 praesumunt.
1092 2353 1221 2397 nam
1252 2352 1423 2415 quum
1456 2334 1683 2414 plurimi
1713 2351 2064 2399 eorum-nan
2089 2352 2309 2415 oppor—

302 2441 439 2494 tune
459 2434 559 2510 jus
590 2434 717 2510 ejus
755 2432 1000 2495 civitatis
1035 2431 1354 2513 obtineant,
1385 2433 1734 2512 peregrinos
1755 2442 2036 2495 vocantes
2067 2451 2180 2495 eos
2215 2435 2310 2514 qui

300 2531 418 2593 hoc
445 2530 811 2611 privilegium
825 2532 912 2594 ,ad
944 2544 1143 2593 omnes
1176 2531 1521 2610 impetrasse
1559 2540 1892 2593 noscuntur.
1945 2549 2080 2594 nam
2107 2532 2308 2611 Aegy·

303 2631 443 2711 ptiis
463 2647 657 2711 neque
672 2648 875 2708 regum
887 2630 1186 2709 quisquam
1204 2629 1432 2691 videtur
1445 2632 1544 2707 jus
1557 2630 1809 2691 civitatis
1831 2630 2014 2691 fuisse
2039 2630 2307 2709 largitus,

304 2747 497 2810 neque
528 2747 678 2790 nunc
711 2728 954 2809 quilibet
980 2731 1412 2810 imperatorum.
1459 2730 1568 2790 ntis
1600 2738 1792 2791 autem
1819 2728 2159 2791 Alexander
2183 2730 2306 2810 qui·
2335 2746 2376 2787 ε

302 2828 436 2891 dem
481 2820 827 2909 introduxit,
870 2844 1050 2906 reges
1091 2837 1282 2889 autem
1321 2846 1574 2906 auxere,
1618 2826 1861 2889 Romani
1886 2847 2033 2889 vero
2074 2846 2311 2910 semper

305 2927 601 2991 c‘ustodire
635 2925 851 3005 dignati
894 2935 1044 2987 sunt.
1114 2927 1310 3005 itaque
1348 2924 1637 3004 derogare
1672 2925 1841 2986 nobis
1876 2924 2073 3005 Apion
2103 2926 2307 3001 voluit,

303 3027 436 3107 quia
465 3026 874 3105 imperatorum
896 3041 1012 3086 non
1041 3033 1356 3085 statuamus
1383 3025 1697 3101 imagines,
1739 3031 2006 3104 tanquam
2044 3023 2165 3086 illis
2193 3024 2308 3086 boc

301 3123 700 3203 ignorantibus
740 3131 840 3186 aut
865 3123 1210 3207 defensione
1240 3123 1486 3204 Apionis
1517 3122 1935 3202 indigentibus3
1981 3139 2156 3202 quum
2199 3141 2306 3204 po·

304 3225 418 3285 tius
444 3223 712 3285 debuerit
750 3224 1015 3286 admirari
1053 3223 1573 3302 magnanimitatem
1605 3223 2064 3302 modestiamque
2086 3220 2304 3286 Roma·
2335 3238 2382 3281 n

303 3339 540 3400 norum,
578 3322 847 3402 quoniam
880 3321 1181 3400 subjectos
1233 3337 1348 3381 uon
1377 3328 1592 3400 cogunt
1622 3321 1806 3400 patria
1837 3322 1971 3398 jura
2005 3329 2306 3383 transcen·

303 3419 482 3497 dere,
530 3420 636 3482 sed
669 3422 988 3502 suscipiunt
1020 3420 1280 3483 honores
1305 3421 1460 3483 sicut
1506 3416 1647 3482 dare
1674 3419 1990 3481 offerentes
2022 3420 2180 3500 piu-
2219 3430 2304 3482 nt·
