2450 3875
258 184 377 246 174
711 182 873 241 Tort-
907 163 1380 241 IOYAAIKOY'
1395 180 1827 245 ΠΟΛΕΜΟΥ

255 349 770 435 παρρησιασταί,
817 338 1148 410 σκώπτειν
1175 341 1301 427 μὲν
1327 338 1538 409 αὐτὸν
1566 345 1676 410 καὶ
1704 342 2004 430 παρόντα
2020 396 2040 432 ,
2084 350 2240 431 φαί-

255 458 497 518 νεσθαι
537 443 611 513 δὲ
654 441 742 530 μὴ
788 444 1001 528 μόνον
1049 441 1126 508 έν
1178 454 1318 521 τοῖς
1359 441 1586 527 λόγοις
1627 438 1796 512 ἀλλά
1847 445 1956 510 καὶ
1999 444 2075 511 έν
2109 456 2244 528 τοῖς

257 548 491 626 ὅπλοις
513 542 1058 638 φιλελευθέρους.
1102 537 1371 619 τούτοις
1407 543 1828 627 καταπλαγὲν
1859 542 1934 609 τό
1962 547 2240 629 πλῆθος,

257 646 391 733 ἅμα
414 645 523 712 ’καὶ
547 667 683 710 των
702 642 853 723 περὶ
876 643 1242 706 Καπίτωνα
1277 639 1533 704 ἱππέων
1563 642 1655 715 εἰς
1683 640 1925 724 μέσους
1959 641 2244 726 φερομέ-

256 771 420 834 νων,
467 739 914 824 διεσκεδάσθη
945 740 1106 823 πρὶν
1125 736 1554 805 ἀσπάσασθαι
1588 735 1711 805 τὸν
1740 734 2089 824 Φλωρον’“
2047 764 2087 824 η
2114 751 2246 819 τοῖς
2271 763 2298 803 τ

257 841 685 932 στρατιώταις
717 835 1017 925 φανερὸν
1055 840 1328 920 ποιῆσαι
1354 833 1430 901 τὸ
1453 835 1831 933 πειθήνιον.
1898 834 2248 923 ἀναχωρή-

256 967 493 1023 σαντες
510 942 583 1009 δὲ
608 943 701 1018 εἰς
720 933 837 1015 τὰς
857 939 1068 1014 οἰκίας
1081 934 1247 1020 μετά
1268 934 1465 1013 δέους
1487 935 1598 1001 καὶ
1618 933 2091 1021 ταπεινότητος
2111 937 2246 1002 διε-

256 1044 732 1126 νυκτέρευσαν.
1742 1075 1754 1088 -

196 1165 233 1216 8
426 1144 703 1223 Φλῶρος
746 1135 821 1202 δὲ
854 1132 1005 1202 τότε
1048 1132 1172 1219 μὲν
1202 1135 1277 1199 έν
1308 1146 1446 1213 τοῖς
1488 1135 1847 1221 βασιλείοις
1890 1129 2243 1220 αὐλίζεται,
2289 1175 2304 1188 ,

257 1247 338 1331 τῇ
367 1238 442 1308 δὲ
464 1234 779 1322 ὑστεραία
810 1236 993 1319 βῆμα
1012 1227 1142 1316 πρὸ
1160 1226 1388 1299 αὐτῶν
1407 1231 1694 1317 θέμενος
1714 1233 2091 1351 καθέζεται,
2139 1236 2247 1300 καὶ
2287 1260 2334 1300 1·

260 1334 753 1427 προσελθόντες
791 1334 860 1397 οι
888 1354 959 1397 τε
998 1326 1322 1418 ἀρχιερεῖς
1360 1330 1472 1397 καὶ
1494 1330 1769 1397 δυνατοὶ
1803 1329 1878 1399 τό
1900 1355 1974 1398 τε
2000 1356 2251 1418 γνωρι-

260 1437 564 1528 μιότατον
591 1437 709 1517 τῆς
745 1426 1001 1507 πόλεως
1034 1433 1170 1494 πᾶν
1196 1429 1615 1515 παρέστησαν
1642 1435 1736 1518 τῷ
1769 1431 2030 1517 βήματι.
2089 1428 2254 1496 τού-

262 1562 399 1616 τοις
421 1530 458 1601 ὁ
495 1535 773 1650 Φλῶρος
814 1531 1119 1595 ἐκέλευσε
1147 1526 1308 1606 τούς
1340 1528 1864 1613 λοιδορήσαντας
1902 1526 2114 1596 αυτὸν
2141 1529 2254 1596 έκ-

184 1671 189 1677 ·
264 1642 536 1720 δοῦναι,
594 1629 893 1716 φάμενος
933 1623 1183 1707 αὐτους
1226 1624 1640 1695 ἀπολαύσειν
1682 1633 1799 1714 τῆς
1844 1625 2136 1715 ἀμύνης,
2197 1633 2259 1696 εἰ

265 1734 354 1823 μὴ
384 1729 787 1818 προσάγοιεν
808 1723 968 1807 τοὺς
1000 1729 1272 1806 αἰτίους.
1361 1730 1431 1792 οἳ
1457 1724 1531 1794 δὲ
1553 1724 1673 1793 τὸν
1700 1726 1825 1813 μὲν
1848 1732 2063 1814 δῆμον
2085 1725 2248 1796 ἀπέ-
2291 1757 2341 1797 ιε

263 1857 515 1921 φαινον
540 1825 837 1915 εἰρηνικὰ
860 1829 1281 1912 φρονοῦντα,
1330 1837 1469 1905 τοῖς
1490 1826 1565 1892 δὲ
1586 1829 2256 1914 παραφθεγξαμένοις

261 1931 550 2023 ᾐτοῦντο
595 1924 1030 2013 συγγνώμην·
1076 1924 1152 1992 έν
1180 1921 1312 2012 γάρ
1356 1924 1654 2016 τοσούτῳ
1691 1924 1938 2013 πλήθει
1984 1937 2256 2013 θαυμα-

265 2029 428 2101 στὸν
478 2029 601 2116 μὲν
637 2023 843 2095 οὐδὲν
894 2023 1070 2107 εἷναί
1105 2050 1290 2104 τινας
1322 1994 1786 2112 θρασυτέρους
1820 2029 1930 2094 καὶ
1966 2022 2058 2093 δι’
2106 2024 2254 2113 ἡλια
2343 2016 2350 2021 ’

154 2136 160 2143 ’
263 2140 417 2201 κίαν
443 2126 781 2217 αφρονας,
827 2121 1169 2212 ἀμήχανον
1191 2125 1294 2191 δὲ
1285 2131 1424 2192 τῶν
1445 2120 1925 2211 ἡμαρτηκότων
1961 2125 2084 2212 τὴν
2106 2126 2259 2194 διά-

266 2250 491 2316 κρισιν
542 2226 894 2313 γενέσθαι,
940 2222 1224 2295 ἑκάστου
1276 2223 1766 2309 μετανοοῦντός
1811 2250 1885 2292 τε
1925 2229 2035 2293 καὶ
2084 2222 2178 2294 δι’
2211 2253 2253 2292 α
2291 2256 2350 2297 20

266 2333 570 2398 δέδοικεν
610 2323 1054 2410 ἀρνουμένου.
1138 2327 1284 2390 δεῖν
1304 2324 1532 2411 μέντοι
1555 2348 1633 2410 γε
1654 2324 1917 2393 ἐκεῖνον
1937 2340 2258 2409 προνοεῖν

264 2436 382 2516 τῆς
415 2424 583 2496 κατὰ
616 2422 690 2493 τὸ
724 2427 927 2503 ἔθνος
963 2421 1263 2509 εἰρήνης,
1306 2425 1417 2489 καὶ
1453 2423 1902 2511 βουλεύεσθαι
1923 2421 2262 2513 Ῥωμαίοις

264 2526 657 2616 περισώζειν
714 2522 839 2611 τὴν
893 2520 1129 2609 πόλιν,
1175 2525 1289 2590 καὶ
1331 2528 1587 2610 μᾶλλον
1619 2522 1731 2590 διὰ
1767 2520 1926 2604 τούς
1965 2523 2264 2604 πολλοὺς

264 2623 767 2703 ἀκαταιτιάτους
826 2628 1213 2707 συγγνῶναι
1257 2623 1370 2690 καὶ
1411 2635 1548 2702 τοῖς
1583 2618 1836 2709 ὀλίγοις
1873 2625 2264 2711 πλημμελή-

266 2745 465 2794 σασιν
506 2719 549 2811 ἢ
588 2720 679 2791 δι’
727 2718 1000 2806 ὀλίγους
1037 2718 1377 2809 πονηροὺς
1417 2720 1689 2808 ταράξαι
1732 2723 1949 2807 δῆμον
1990 2719 2261 2807 ἀγαθὸν
2299 2750 2356 2790 25

269 2830 615 2893 τοσοῦτον.

198 2952 233 3004 9
447 2920 615 3009 πρὸς
646 2924 855 2989 ταῦτα
888 2923 1141 3005 μᾶλλον
1169 2919 1616 3002 παροξυνθεὶς
1647 2921 1857 3009 ἐμβοᾷ
1890 2932 2027 2999 τοῖς
2059 2938 2267 3005 στρα-

268 3025 532 3103 τιῶταις
565 3017 950 3142 διαρπάζειν
971 3042 1043 3085 τε
1083 3014 1210 3103 τὴν
1237 3015 1378 3085 ἅνω
1416 3020 1840 3105 καλουμένην
1867 3015 2125 3106 ἀγοράν
2153 3025 2268 3089 καὶ

269 3128 556 3193 κτείνειν
585 3117 745 3199 τούς
768 3117 1315 3204 ἐντυγχάνοντας.
1403 3123 1474 3186 οἳ
1513 3119 1587 3185 δὲ
1621 3121 1945 3209 ἐπιθυμία
1979 3124 2269 3209 κέρδους

268 3217 902 3308 προσλαμβάνοντες
938 3213 1353 3337 ἡγεμονικην
1393 3219 1882 3300 παρακέλευσιν
1928 3213 2012 3285 οὐ
2042 3219 2264 3305 μόνον
2305 3250 2364 3290 an

264 3318 379 3406 ἐφ’
429 3344 512 3386 ον
564 3316 1045 3404 ἐπέμφθησαν
1045 3315 1257 3384 τόπον
1306 3312 1632 3404 ἥρπαζον,
1685 3312 1835 3386 ἀλλ’
1899 3322 1993 3397 εἰς
2046 3320 2268 3400 πάσας

264 3416 686 3502 ἐμπηδῶντες
720 3415 837 3496 τὰς
865 3419 1077 3496 οἰκίας
1111 3419 1400 3502 ἔσφαζον
1421 3414 1580 3496 τούς
1610 3413 1979 3504 οἰκήτορας.
2067 3417 2264 3504 φυγὴ
