2450 3875
303 168 385 229 94
707 166 875 228 ΤΟΥ
926 164 1406 226 ΙΟΥΔΑΙΚΟΤ
1465 164 1902 230 ΠΟΛΕΜΟΥ

304 354 471 418 πον,
524 324 600 410 ὃς
640 318 730 416 ἦν
768 328 1174 417 ἐχθρότατος
1204 323 1493 419 Ἡρώδῃ.
1582 332 2043 418 διελεγχθεῖσα
2081 331 2158 400 δὲ
2196 330 2303 401 καὶ

301 436 503 498 τοῦτο
540 430 652 498 καὶ
685 426 903 498 πάντα
945 424 1073 495 ὅσα
1108 427 1434 515 Φερώρας
1468 427 1803 517 ἐνεκάλει,
1847 429 2304 518 συγγινώσκε-

305 555 433 598 ται.
505 530 618 598 καὶ
659 525 872 597 αὐτὸν
912 529 989 596 δὲ
1028 528 1362 616 Φερώραν
1405 523 1443 596 ὁ
1488 529 1805 616 βασιλεὺς
1843 526 2136 598 ἀπέλυσε
2171 535 2304 598 τῶν

303 626 755 714 ἐγκλημάτων.

238 743 274 800 7
473 728 821 814 μετέβαινε
850 724 924 794 δὲ
959 721 1068 794 ἐπ’
1098 721 1536 815 Ἀλέξανδρον
1571 724 1607 795 ὁ
1642 726 1891 815 χειμών
1916 733 2034 814 τῆς
2073 731 2302 813 οἰκίας,
2331 753 2358 796 ε

298 827 412 895 καὶ
455 827 611 914 περὶ
648 823 775 913 τὴν
801 827 1068 894 ἐκείνου
1108 823 1415 914 κεφαλὴν
1442 825 1600 908 ὅλος
1625 824 2050 914 ἀπηρείσατο.
2129 838 2306 912 τρεῖς

297 918 473 1013 ἦσαν
502 922 819 1012 εὐνοῦχοι
846 930 941 1016 τῷ
976 930 1243 1012 βασιλεῖ
1266 926 1670 1013 τιμιώτατοι.
1740 927 1854 995 καὶ
1883 930 2091 1014 δῆλον
2118 928 2186 1007 ἐξ
2207 917 2304 993 ών

298 1023 807 1111 ἐλειτούργουν·
851 1030 945 1116 τῷ
965 1024 1091 1111 μὲν
1123 1024 1254 1110 γὰρ
1280 1030 1615 1113 οἰνοχοεῖν
1646 1029 2164 1114 προσετέτακτο,
2215 1028 2307 1116 τῷ

222 1155 230 1174 ·
298 1126 373 1196 δὲ
412 1131 690 1196 δεῖπνον
729 1127 1161 1212 προσφέρειν,
1206 1120 1249 1194 δ’
1277 1124 1351 1194 δὲ
1386 1123 1599 1194 αὑτὸν
1645 1129 2058 1213 κατεκοίμιζέ
2093 1150 2166 1193 τε
2195 1124 2306 1193 καὶ

298 1230 872 1313 συγκατεκλίνετο.
964 1222 1254 1305 τούτους
1285 1229 1379 1305 εἰς
1406 1225 1489 1292 τὰ
1527 1223 1806 1293 παιδικὰ
1829 1225 2073 1311 δώροις
2095 1222 2305 1311 μεγά-
2336 1253 2379 1295 ιο

297 1335 436 1406 λοις
447 1322 743 1412 ὑπήγετο
766 1320 804 1391 ὁ
829 1320 1279 1410 Ἀλέξανδρος.
1325 1326 1635 1411 μηνυθὲν
1657 1325 1732 1392 δε
1753 1331 1848 1415 τῷ
1868 1330 2136 1413 βασιλεῖ
2151 1328 2304 1411 διη-

296 1430 610 1512 λέγχοντο
639 1420 980 1512 βασάνοις,
1003 1422 1114 1490 καὶ
1135 1420 1263 1510 τὴν
1293 1422 1419 1544 μὲν
1440 1430 1814 1493 συνουσίαν
1838 1421 2093 1504 εὐθέως
2121 1419 2308 1510 ῶμο·

295 1525 581 1613 λόγουν,
625 1525 944 1609 ἐξέφερον
976 1519 1052 1589 δὲ
1095 1525 1206 1591 καὶ
1235 1549 1358 1604 τας
1391 1527 1485 1604 εἰς
1518 1520 1732 1609 αύτὴν
1759 1518 2266 1609 ὑποσχέσεις,“
2226 1547 2308 1590 ον

295 1625 548 1714 τρόπον
574 1621 985 1709 ἀπατηθεῖεν
1013 1617 1134 1690 ὑπ’
1162 1605 1606 1709 Ἀλεξάνδρου
1628 1617 2003 1709 λέγοντος’
1957 1648 2048 1702 ως
2070 1620 2204 1690 οὐκ
2232 1624 2307 1691 έν

283 1724 551 1814 Ἡρώδῃ
572 1726 712 1791 δέοι
734 1720 853 1801 τὰς
875 1721 1148 1802 ἐλπίδας
1183 1725 1383 1809 ἔχειν,
1421 1718 1690 1790 άναιδεῖ
1717 1722 1984 1808 γέροντι
2018 1722 2130 1790 καὶ
2176 1730 2304 1809 βα-
2339 1743 2382 1785 ιτ

294 1826 601 1916 πτομένφ
629 1848 746 1902 τας
766 1821 1009 1908 κόμας,
1057 1824 1119 1888 εί
1148 1822 1240 1908 μὴ
1264 1819 1377 1889 δια
1405 1827 1606 1890 τοῦτο
1650 1817 1864 1888 αὐτὸν
1893 1828 2151 1890 οἴονται
2195 1825 2306 1890 καὶ

292 1926 473 2012 νέον,
519 1918 701 2014 αὐτῷ
726 1920 801 1988 δὲ
832 1920 1205 2009 προσέχειν,
1242 1917 1319 2002 ὃς
1344 1920 1456 1989 καὶ
1489 1916 1669 2009 παρὰ
1698 1916 1981 2002 ἄκοντος
2003 1921 2306 2003 διαδέξε-

290 2049 399 2092 ται
434 2020 560 2109 τὴν
580 2024 943 2109 βασιλείαν,
989 2014 1117 2097 οὐκ
1147 2024 1242 2100 είς
1274 2018 1539 2106 μακράν
1566 2043 1637 2087 τε
1660 2020 1818 2098 τούς
1853 2019 1978 2110 μὲν
2009 2018 2307 2106 έχθρούς

240 2148 255 2161 “
289 2120 641 2210 ἀμυνεῖται
662 2114 824 2198 τοὺς
846 2123 1087 2204 φίλους
1109 2114 1176 2187 δ’
1205 2116 1612 2206 εὐδαίμονας
1644 2118 1906 2205 ποιήσει
1943 2123 2054 2187 καὶ
2082 2145 2306 2206 μακα-

292 2229 516 2308 ρίους,
563 2216 694 2305 πρό
738 2216 1012 2285 πάντων
1033 2212 1099 2284 δ’
1137 2213 1408 2299 αύτούς.
1455 2215 1627 2287 εἶναι
1654 2219 1730 2286 δὲ
1772 2219 1884 2285 καὶ
1923 2226 2299 2304 θεραπείαν
2334 2232 2389 2273 ⁹⁰

288 2327 428 2391 τῶν
463 2323 775 2388 δυνατῶν
811 2318 965 2405 περὶ
996 2313 1119 2385 τὸν
1146 2314 1584 2406 Ἀλέξανδρον
1616 2323 1972 2405 λαθραίαν,
2017 2318 2184 2398 τούς
2232 2342 2304 2386 τε

289 2419 623 2509 ἡγεμόνας
655 2423 780 2486 τοῦ
799 2423 1283 2502 στρατιωτικοῦ
1314 2420 1427 2486 καὶ
1460 2416 1623 2497 τούς
1640 2416 2037 2505 ταξιάρχους
2064 2416 2304 2506 κρύφα

291 2521 462 2609 πρὸς
484 2517 696 2588 αὐτόν
718 2518 1042 2586 συνιέναι.

228 2633 266 2687 8
453 2623 665 2687 ταῦτα
713 2617 836 2685 τὸν
886 2611 1203 2701 Ἡρώδην
1266 2611 1486 2695 οὕτως
1542 2614 1952 2703 ἐξεφόβησεν
1991 2610 2083 2696 ῶς
2129 2615 2302 2702 μηδὲ

198 2768 201 2771 ¹
287 2723 682 2806 παραχρῆμα
702 2719 1026 2801 τολμῆσαι
1057 2710 1173 2793 τὰς
1195 2712 1518 2801 μηνύσεις
1538 2715 1870 2802 ἐκφέρειν,
1900 2710 2070 2782 ἄλλα
2092 2739 2300 2783 κατα·
2329 2731 2383 2771 ²⁵

286 2820 585 2897 σκόπους
627 2811 1049 2901 ὑποπέμπων
1096 2813 1367 2897 νύκτωρ
1411 2812 1523 2881 καὶ
1564 2811 1725 2900 μεθ’
1768 2808 2026 2901 ἡμέραν
2052 2814 2302 2882 ἕκαστα

284 2924 424 2987 τῶν
465 2917 939 3003 πραττομένων
970 2908 1016 3000 ἢ
1042 2914 1425 3000 λεγομένων
1466 2913 1825 3001 διηρεύνα,
1866 2915 1977 2981 καὶ
2020 2912 2184 2994 τούς
2225 2914 2301 2981 ἐν

286 3030 427 3098 ταῖς
449 3013 769 3096 ὑποψίαις
794 3009 1055 3094 εὐθέως
1084 3008 1340 3102 ἀνῄρει.
1422 3016 1649 3100 δεινῆς
1680 3012 1764 3100 δὴ
1788 3012 2070 3099 ἀνομίας
2091 3014 2299 3099 ἐπλή-

284 3125 421 3202 σθη
445 3112 519 3182 τὸ
556 3118 916 3201 βασίλειον.
1000 3110 1170 3180 κατὰ
1207 3112 1337 3198 γὰρ
1371 3116 1626 3199 ἔχθραν
1653 3107 1697 3197 ἢ
1719 3124 1910 3199 μῖσος
1930 3115 2109 3180 ἴδιον
2137 3112 2300 3178 ἕκα-

284 3234 438 3293 στος
479 3216 764 3281 ἔπλασσε
790 3208 908 3291 τὰς
936 3209 1293 3299 διαβολάς,
1340 3209 1451 3277 καὶ
1487 3211 1724 3279 πολλοὶ
1760 3209 1925 3297 πρὸς
1958 3207 2117 3291 τοὺς
2140 3211 2295 3277 δια-
2329 3220 2384 3262 ³⁰

283 3311 547 3399 φόρους
568 3316 870 3398 φονῶντι
892 3317 984 3401 τῷ
1007 3315 1335 3400 βασιλικῷ
1353 3316 1560 3402 θυμῷ
1581 3316 2020 3398 κατεχρῶντο.
2065 3313 2177 3378 καὶ
2214 3307 2293 3377 τὸ

281 3410 407 3495 μὲν
446 3412 698 3490 ψεῦδος
727 3405 857 3495 εἶχε
900 3414 1299 3498 παραχρῆμα
1327 3413 1570 3492 πίστιν,
1618 3412 1693 3478 αί
1711 3408 2021 3491 κολάσεις
2050 3410 2122 3478 δὲ
2144 3412 2294 3476 τῶν
