2450 3875
814 228 1105 288 ΛΟΓΟΣ
1143 229 1495 291 ΠΡΩΤΟΣ
1772 266 1777 271 ·
2083 235 2163 297 35

134 385 483 476 χριόμενος
510 387 677 456 κατὰ
719 386 844 476 τὴν
879 385 1197 475 στρατιὰν
1232 385 1529 485 Ὑρκανῷ
1574 396 1686 463 καὶ
1718 391 2159 490 Ἀντιπάτρω·

136 491 248 556 καὶ
290 486 419 575 γάρ
450 486 753 576 χρήματα
793 488 904 570 καὶ
944 483 1121 555 ὅπλα
1165 488 1278 555 καὶ
1320 502 1508 558 σῖτον
1538 494 1651 559 καὶ
1683 493 2153 583 ἐπικούρους*
2121 523 2158 564 ο

128 581 566 675 Ἀντίπατρος
592 592 927 675 προσῆγε,
959 559 1252 665 καὶτοὺς
1274 586 1483 676 ταύτῃ
1512 585 1907 680 Ἰουδαίους,
1935 618 2161 680 φρου-

139 692 433 769 ροῦντας
483 683 603 767 τάς
649 682 818 754 κατὰ
875 682 950 753 τὸ
1001 681 1397 772 Πηλούσιον
1454 687 1743 775 ἐμβολάς
1762 740 1783 776 ,
1834 699 2161 782 παρεάσαι

73 805 102 841 ⁵
133 791 464 873 Γαβίνιον
494 789 735 854 ἔπεισε.
825 790 944 871 τῆς
969 780 1035 851 δ’
1079 781 1288 870 αλλης
1315 791 1573 873 Συρίας
1600 786 1773 874 πρὸς
1799 786 1921 856 τὸν
1951 795 2151 880 Γαβι-

130 890 293 953 νίου
330 885 675 972 χωρισμὸν
715 890 1139 971 κινηθείσης,
1187 885 1300 951 καὶ
1340 883 1705 968 Ἰουδαίους
1752 888 1958 957 πάλιν
1994 886 2161 959 ἀπέ-

129 1001 384 1070 στησεν
413 980 845 1069 Ἀλέξανδρος
879 979 918 1051 ὁ
946 979 1499 1072 Ἀριστοβούλου,
1530 991 1848 1073 μεγίστην
1879 989 1952 1056 δὲ
1989 1009 2159 1075 συγ-

126 1083 466 1170 κροτήσας
494 1083 790 1171 δύναμιν
820 1080 1089 1172 ὥρμητο
1116 1081 1372 1163 πάντας
1392 1081 1555 1164 τοὺς
1583 1084 1749 1153 κατὰ
1773 1086 1901 1174 τήν
1928 1086 2159 1174 χώραν

113 1181 482 1270 Ῥωμαίους
537 1180 824 1252 ἀνελεῖν.
914 1181 1085 1268 πρὸς
1137 1207 1174 1248 ο
1223 1187 1542 1270 Γαβίνιος
1593 1188 1813 1266 δείσας
1867 1182 2026 1277 (ἤδη
2080 1189 2158 1255 δὲ

41 1314 92 1354 ιο
127 1287 359 1369 παρῆν
403 1279 522 1350 ἀπ’
564 1281 922 1369 Αἰγύπτου
960 1294 1099 1361 τοῖς
1147 1284 1307 1370 τῇδε
1349 1282 1682 1370 θορύβοις
1728 1282 2151 1377 ἠπειγμένος)

123 1384 236 1449 ἐπὶ
277 1406 466 1462 τινας
506 1382 633 1469 μὲν
676 1386 817 1449 τῶν
856 1377 1266 1468 ἀφεστώτων
1286 1376 1723 1465 Ἀντίπατρον
1759 1386 2156 1471 προπέμψας

121 1483 506 1568 μετέπεισε,
564 1482 937 1568 συνέμενον
988 1482 1065 1548 δὲ
1108 1475 1520 1569 Ἀλεξάνδρω
1573 1492 1751 1565 τρεῖς
1806 1483 2147 1603 μυριάδες,

119 1579 437 1661 κάκεῖνος
479 1605 748 1668 ωρμητο
790 1588 1130 1667 πολεμεῖν.
1215 1604 1434 1659 ουτως
1462 1582 1661 1660 ἔξεισι
1703 1582 1872 1666 πρὸς
1899 1581 2143 1669 μάχην·

121 1680 452 1769 ὑπήντων
503 1677 572 1747 δ’
638 1683 709 1748 οί
752 1675 1095 1764 Ἰουδαῖοι,
1147 1680 1259 1746 καὶ
1319 1676 1808 1765 συμβαλόντων
1858 1681 2015 1768 περὶ
2068 1681 2144 1750 τὸ

35 1813 84 1854 ιι
117 1780 498 1870 Ἰταβύριον
526 1779 684 1865 ὅρος
723 1779 955 1874 μύριοι
999 1780 1124 1867 μὲν
1167 1775 1641 1864 ἀναιροῦνται,
1683 1776 1759 1846 τὸ
1791 1776 1867 1846 δὲ
1904 1781 2148 1848 λοιπὸν

119 1887 390 1969 πλῆθος
414 1881 792 1966 ἐσκεδάσθη
823 1884 1029 1968 φυγῇ.
1087 1879 1199 1946 καὶ
1227 1882 1545 1965 Γαβίνιος
1572 1876 1799 1947 ἐλθών
1827 1883 1920 1960 είς
1940 1875 2145 1967 Ἱερο-

118 1983 387 2069 σόλυμα
417 1979 588 2067 πρὸς
627 1979 702 2047 τὸ
728 1977 1173 2061 Ἀντιπάτρου
1202 1977 1513 2066 βούλημα
1543 1981 1989 2063 κατεστήσατο
2017 1979 2142 2066 τὴν

117 2088 485 2151 πολιτείαν.
556 2084 765 2150 ἔνθεν
793 2077 1094 2166 ὁρμήσας
1122 2083 1532 2165 Ναβαταίων
1570 2101 1642 2144 τε
1683 2077 1859 2166 μάχῃ
1890 2093 2140 2167 κρατεῖ,

115 2183 230 2251 καὶ
272 2179 732 2266 Μιθραδάτην
784 2180 896 2247 καὶ
931 2175 1262 2265 Ὀρσάνην
1308 2177 1652 2263 φυγόντας
1708 2176 1782 2242 ἐκ
1831 2175 2142 2263 Πάρθων

29 2314 86 2354 π
118 2279 354 2367 κρύφα
384 2281 508 2366 μὲν
538 2277 922 2365 ἀπέπεμψε,
955 2274 1135 2364 παρὰ
1164 2273 1241 2341 δὲ
1280 2286 1420 2354 τοῖς
1447 2271 1879 2362 στρατιώταις
1908 2279 2138 2362 ἔλεγεν

111 2379 513 2464 ἀποδρᾶναι.

287 2474 419 2546 κάν
461 2476 678 2568 τούτῳ
705 2472 1019 2562 Κράσσος
1058 2469 1242 2565 αύτῷ
1287 2468 1597 2556 διάδοχος
1642 2468 1868 2540 ἐλθων
1917 2496 2135 2557 παρα-
2167 2487 2204 2541 8

111 2576 445 2702 λαμβάνει
490 2580 772 2662 Συρίαν.
864 2564 1061 2652 οὗτος
1106 2575 1199 2651 εἰς
1252 2567 1377 2656 τὴν
1415 2569 1523 2635 ἐπὶ
1563 2565 1893 2655 Πάρθους
1929 2589 2134 2658 στρα-

111 2684 300 2747 τείαν
340 2676 465 2743 τόν
490 2698 563 2742 τε
604 2670 815 2743 αλλον
859 2676 985 2739 τοῦ
1032 2671 1107 2738 ἐν
1140 2666 1630 2754 Ἰεροσολύμοις
1668 2671 1845 2733 ναοῦ
1876 2667 2133 2752 χρυσὸν

31 2807 81 2850 π
112 2776 335 2846 πάντα
368 2781 694 2861 περιεῖλε,
737 2772 852 2840 καὶ
889 2768 971 2840 τὰ
1002 2773 1290 2855 δισχίλια
1318 2765 1607 2835 τάλαντα
1633 2756 1799 2854 ᾗρεν
1840 2789 1940 2831 ων
1965 2761 2135 2834 ἀπέ-

110 2894 304 2963 σχετο
348 2871 719 2959 Πομπήιος.
805 2865 1041 2957 διαβὰς
1096 2864 1171 2934 δὲ
1226 2862 1351 2934 τὸν
1403 2861 1773 2950 Εὐφράτην
1814 2857 2016 2943 αὐτός
2061 2889 2135 2932 τε

107 2971 414 3042 ἀπώλετο
453 2970 564 3037 καὶ
592 2965 630 3036 ὁ
659 2964 940 3056 στρατὸς
968 2962 1204 3034 αὐτοῦ.
1296 2963 1450 3050 περὶ
1483 2987 1584 3029 ων
1619 2957 1704 3029 ού
1734 2965 1871 3028 νῦν
1899 2959 2134 3049 καιρὸς

107 3075 184 3142 λέ
227 3097 352 3140 ειν.

179 3100 223 3161 γ
277 3169 609 3257 Πάρθους
654 3168 728 3236 δὲ
771 3164 935 3255 μετὰ
985 3161 1109 3232 τὸν
1153 3158 1466 3250 Κράσσον
1507 3161 1989 3246 ἐπιδιαβαίνειν
2040 3166 2199 3247 είς9
2218 3155 2224 3161 ’

31 3304 84 3345 a
109 3276 382 3358 Συρίαν
411 3266 848 3357 ὡρμημένους
873 3264 1197 3334 ἀνέκοπτε
1216 3260 1509 3339 Κάσσιος
1538 3261 1632 3339 εἰς
1656 3255 1780 3344 τὴν
1808 3258 2128 3345 ἐπαρχίαν

107 3366 490 3459 διαφυγών.
577 3363 1180 3454 περιποιησάμενος
1244 3358 1311 3431 δ’
1371 3356 1583 3445 αὐτὴν
1638 3358 1746 3425 ἐπὶ
1798 3352 2126 3426 Ἰουδαίαν

107 3466 422 3558 ἠπείγετο
436 3519 456 3555 ,
497 3467 610 3535 καὶ
643 3470 963 3554 Ταριχέας
1000 3463 1126 3552 μὲν
1159 3459 1334 3531 ἔλων
1378 3463 1472 3542 είς
1500 3460 1936 3545 τρισμυρίους
1956 3452 2125 3525 'Iov—

1600 3564 1639 3626 3
1662 3565 1697 3605 ιι
