2450 3875
828 102 1115 165 ΛΟΓΟΣ
1155 105 1592 165 ΠΕΜΠΊῸΣ
2102 106 2178 168 61

184 268 520 363 ἡγεμόνας
560 281 813 348 ἔτεινεν
851 270 893 364 ἡ
925 282 1272 365 φιλοτιμία
1290 328 1308 364 ,
1329 276 1471 344 καὶ
1510 280 1647 344 τῶν
1682 270 2033 365 ἡγεμόνων
2058 274 2183 366 τὴν

184 373 475 466 ἅμιλλαν
502 378 828 468 ἐβράβευε
855 385 1147 467 Καῖσαρ’
1200 375 1487 466 περιιὼν
1512 374 1641 468 γὰρ
1673 376 1874 462 αὐτὸς
1904 379 2182 468 ἑκάστης

182 476 439 569 ἡμέρας
492 481 812 561 πολλάκις
863 480 1217 554 ἐπεσκόπει
1265 479 1337 552 τὸ
1385 487 1604 570 ἔργον.
1689 477 2051 571 ἀρξάμενος
2108 479 2174 551 δ’

185 580 322 656 άπὸ
350 590 466 671 τῆς
485 581 860 672 Ἀσσυρίων
887 591 1347 673 παρεμβολῆς,
1392 580 1555 652 καθ’
1586 578 1673 671 ἢν
1701 581 1903 666 αὐτὸς
1941 587 2180 673 ἐστρα-

125 717 152 755 ε
185 685 618 772 τοπεδεύετο,
659 688 767 757 ἐπὶ
808 683 931 775 τὴν
965 689 1313 773 κατωτέρω
1357 685 1752 756 καινόπολιν
1791 678 1915 775 ἦγε
1939 686 2014 757 τὸ
2043 703 2179 757 τεῖ-

180 816 319 876 χος,
364 795 572 858 ἔνθεν
599 787 712 858 διὰ
736 796 858 859 τοῦ
888 796 1245 877 Κεδρῶνος
1273 792 1375 859 ἐπὶ
1409 787 1483 858 τὸ
1506 785 1782 859 Ἐλαιῶν
1806 787 1983 881 ὅρος.
2037 790 2179 864 εἶτα

181 890 647 980 ἀνακάμπτων
685 890 853 961 κατὰ
898 900 1319 982 μεσημβρίαν
1362 892 1839 981 περιλαμβάνει
1891 890 1964 963 τό
2021 890 2177 982 ὅρος

182 990 341 1082 ἄχρι
386 1000 501 1082 τῆς
544 1003 1084 1084 Περιστερεῶνος
1135 996 1552 1083 καλουμένης
1602 998 1878 1082 πέτρας,
1941 995 2060 1066 τόν
2103 1023 2176 1067 τε

184 1100 335 1184 ἑξῆς
360 1096 580 1184 λόφον
607 1093 681 1177 ὃς
721 1100 1043 1168 ἐπίκειται
1069 1104 1149 1188 τῇ
1178 1095 1346 1167 κατὰ
1374 1094 1498 1185 τὴν
1532 1095 1811 1185 Σιλωὰμ
1853 1098 2173 1189 φάραγγι,

100 1224 150 1265 ιο
182 1197 509 1271 κάκεῖθεν
536 1203 844 1280 ἐκκλίνας
870 1197 1037 1288 πρὸς
1066 1201 1266 1270 δύσιν
1294 1206 1387 1281 είς
1405 1199 1530 1289 τὴν
1555 1207 1671 1287 τῆς
1686 1207 1919 1289 Πηγῆς
1945 1200 2177 1291 κατῄει

182 1303 521 1392 φάραγγα.
575 1298 735 1390 μεθ’
768 1298 854 1391 ἢν
881 1299 1272 1394 ἀναβαίνων
1300 1300 1467 1374 κατὰ
1495 1301 1569 1372 τὸ
1591 1299 1873 1374 Ἀνάνου
1900 1310 2022 1373 τοῦ
2049 1301 2173 1393 άρ-

176 1409 455 1494 χιερέως
505 1419 867 1493 μνημεῖον,
920 1410 1039 1476 καὶ.
1073 1404 1416 1494 διαλαβών
1454 1404 1528 1476 τὸ
1571 1401 1730 1495 ὅρος
1774 1414 1944 1480 ἔνθα
1982 1414 2174 1496 Πομ-

177 1508 375 1597 πήιος
402 1507 1067 1597 ἐστρατοπεδεύσατο,
1097 1507 1262 1597 πρὸς
1282 1517 1483 1596 κλίμα
1501 1506 1770 1597 βόρειον
1789 1512 2174 1599 ἐπέστρεφε,

178 1613 296 1680 καὶ
353 1608 715 1699 προελθῶν
759 1613 950 1699 μέχρι
1005 1612 1229 1700 κῶμης
1272 1612 1454 1692 τινός
1506 1607 1953 1700 (Ἐρεβίνθων
1996 1612 2174 1694 οἶκος

96 1742 146 1783 15
182 1718 509 1798 καλεῖται)
528 1766 547 1792 ,
586 1715 701 1783 καὶ
726 1710 869 1802 μετ’
906 1717 1173 1802 ἐκείνην
1200 1712 1275 1782 τὸ
1295 1709 1598 1801 Ἡρώδου
1625 1729 1951 1802 μνημεῖον
1980 1741 2174 1803 περι-

178 1815 398 1904 σχῶν,
453 1812 600 1886 κατ’
645 1813 977 1905 ἀνατολὴν
1024 1823 1118 1910 τῷ
1162 1821 1315 1908 ἰδίω
1368 1818 1791 1907 στρατοπέδω
1834 1823 2174 1904 συνῆπτεν

179 1915 353 1991 ὅθεν
380 1914 643 2008 ἤρξατο.
707 1919 782 1991 τὸ
808 1919 933 2007 μὲν
970 1910 1099 1990 οὖν
1124 1934 1337 2008 τεῖχος
1363 1914 1514 1999 ἑνὸς
1553 1918 1822 2000 δέοντος
1848 1919 2173 2005 τεσσαρά-

179 2051 389 2096 κοντα
428 2029 720 2093 σταδίων
759 2013 877 2112 ἦν,
942 2026 1199 2106 ἔξωθεν
1242 2024 1318 2092 δὲ
1362 2018 1547 2114 αὐτῷ
1593 2022 2173 2115 προσῳκοδομήθη

178 2131 609 2215 τρισκαίδεκα
636 2126 960 2216 φρούρια·
998 2129 1113 2197 καὶ
1138 2124 1399 2196 τούτων
1417 2130 1488 2194 οί
1506 2123 1744 2195 κύκλοι
1771 2127 1935 2196 δέκα
1960 2146 2174 2214 συνη-

93 2261 150 2301 w
185 2236 564 2319 ριθμοῦντο
601 2232 914 2299 σταδίων.
981 2230 1158 2317 τρισὶ
1198 2224 1266 2300 δ’,
1299 2223 1705 2320 ᾠκοδομήθη
1732 2226 1807 2298 τὸ
1834 2235 1971 2298 πᾶν
2009 2225 2172 2318 ἡμέ-

180 2360 363 2421 ραις,
413 2327 503 2412 ῶς
529 2329 602 2402 τὸ
627 2331 753 2419 μὲν
780 2338 982 2420 ἔργον
1016 2337 1253 2420 μηνῶν
1298 2328 1471 2400 εἶναι
1511 2327 1727 2418 ἄξιον,
1767 2329 1841 2401 τὸ
1871 2331 1947 2402 δὲ
1981 2331 2173 2420 τάχσς

178 2431 511 2523 ἡττῆσθαι
552 2441 853 2515 πίστεως.
919 2442 1342 2522 περικλείσας
1388 2432 1464 2504 δὲ
1507 2440 1599 2526 τῷ
1637 2441 1840 2521 τείχει
1883 2432 2006 2522 τὴν
2044 2434 2169 2506 πό-

179 2545 319 2625 λιν,
358 2538 472 2607 καὶ
501 2537 792 2627 δύναμιν
820 2550 954 2620 τοῖς
982 2544 1336 2629 φρουρίοις
1360 2536 1866 2626 ἐγκαταστήσας,
1900 2535 2024 2627 τὴν
2046 2538 2171 2624 μὲν

140 2697 147 2705 ,
180 2640 455 2729 πρώτην
499 2637 814 2729 φυλακὴν
857 2646 973 2728 τῆς
1022 2638 1268 2720 νυκτὸς
1313 2636 1595 2727 περιιῶν
1639 2635 1842 2720 αὐτὸς
1895 2640 2170 2709 ἐπεσκέ-

92 2772 149 2813 κι
182 2769 416 2829 πτετο,
478 2741 603 2831 τὴν
647 2744 974 2831 δευτέραν
1021 2742 1096 2813 δὲ
1140 2744 1504 2828 ἐπέτρεψεν
1537 2739 1983 2834 Ἀλεξάνδρῳ,
2046 2736 2170 2830 τὴν

179 2853 412 2936 τρίτην
440 2846 515 2941 δὲ
554 2852 793 2935 ἔλαχον
824 2850 897 2916 οἱ
917 2852 1052 2917 τῶν
1092 2844 1448 2934 ταγμάτων
1480 2838 1821 2934 ἡγεμόνες.
1899 2849 2168 2933 διεκλη-

176 2956 426 3036 ροῦντο
450 2945 517 3018 δ’
551 2955 622 3019 οἱ
642 2949 941 3038 φύλακες
969 2947 1124 3030 τοὺς
1150 2944 1431 3035 ὕπνους,
1469 2948 1584 3017 καὶ
1609 2943 1705 3018 δι’
1738 2943 1897 3037 ὅλης
1924 2946 2168 3029 νυκτὸς

174 3051 540 3141 περιῄεσαν
567 3050 737 3123 κατὰ
762 3051 1171 3142 διαστήματα
1196 3058 1333 3122 τῶν
1359 3058 1731 3141 φρουρίων.

319 3152 670 3238 Ἰουδαίοις
709 3156 787 3226 δὲ
808 3183 977 3243 μετα
1008 3162 1144 3225 τῶν
1184 3153 1434 3237 ἐξόδων
1475 3149 1777 3242 ἀπεκόπη
1809 3159 1989 3224 πᾶσα
2029 3177 2164 3223 σω·-
2207 3169 2244 3223 3

86 3265 407 3390 πτηρίας
435 3260 654 3347 ἐλπίς,
702 3261 813 3329 καὶ
844 3257 1152 3348 βαθύνας
1174 3240 1494 3330 ἑαυτὸν”
1464 3285 1499 3326 ο
1530 3253 1717 3345 λιμὸς
1757 3253 1908 3326 κατ’
1940 3265 2165 3337 οἴκους

174 3363 287 3433 καὶ
315 3388 552 3449 γενεάς
577 3360 695 3432 τὸν
723 3365 939 3450 δῆμον
972 3358 1387 3450 ἐπεβόσκετο.
1453 3361 1566 3429 καὶ
1592 3388 1682 3429 τα
1699 3357 1824 3447 μὲν
1857 3361 2012 3446 τέγη
2040 3384 2162 3427 πε·-

172 3464 483 3556 πλήρωτο
523 3469 870 3554 γυναικῶν
897 3466 1007 3535 καὶ
1037 3469 1316 3557 βρεφῶν
1354 3464 1773 3551 λελυμένων,
1821 3465 1892 3532 οἱ
1912 3482 2164 3537 στενωη
