2450 3875
245 149 324 209 72
663 151 829 218 Ἠοτι·
878 149 1354 224 IOYAAIKQY
1412 150 1844 226 ΠοΛΕΜρν

246 316 469 399 μεῖζον
517 309 780 397 θάρσος
826 303 992 398 ἦρεν
1042 308 1086 399 ἡ
1145 311 1370 399 φήμη,
1437 319 2066 400 προσλογοποιοῦσα
2112 325 2261 394 τοῖς

247 419 684 495 σκυθρωποῖς
738 409 849 478 ἀεί
897 436 961 478 τι
1014 410 1476 499 χαλεπώτερον
1530 408 1623 492 ὥς
1672 412 1887 500 πάσης
1934 409 2260 493 Ἰουδαίας

257 510 801 595 κατερριμμένης.
839 509 1184 595 οἰηθέντες
1211 514 1386 594 γοῦν
1408 506 1661 596 ἐρήμου
1683 516 1797 597 τῆς
1832 509 2052 597 χώρας
2092 535 2261 594 κρα-

250 602 480 692 τήσειν
522 602 842 692 ὥρμησαν
886 611 980 686 εἰς
1022 602 1271 694 αὐτήν,
1324 604 1839 694 προθυσάμενοι
1888 604 2049 687 τοὺς
2095 609 2263 691 πρέ-

179 708 198 724 ’
254 713 439 804 σβεις
474 710 544 772 οἳ
584 705 763 790 παρὰ
799 702 1142 774 Ἰουδαίων
1179 710 1418 793 ἔτυχον
1458 703 1738 792 ἥκοντες
1780 706 1955 792 πρὸς
1986 703 2326 785 αύτούς.ο

253 805 422 891 πρὸς
460 804 535 873 δὲ
576 805 699 890 τὴν
743 804 1040 893 ἐμβολὴν
1081 804 1515 890 καταπλαγὲν
1550 805 1625 873 τὸ
1671 807 1875 886 ἔθνος
1918 809 2031 874 καὶ
2067 807 2267 892 μεγέ-

252 914 368 971 θει
409 910 785 990 συμφορῶν
827 903 1219 991 ἐπαλλήλων
1272 908 1555 972 ἔκλυτον
1600 903 2007 991 συναγαγων
2045 900 2270 986 Ἡρώ-

255 1008 376 1090 δης
411 1005 719 1089 ἐπειρᾶτο
755 1011 1110 1092 παρορμᾶν
1144 1004 1253 1072 ἐπὶ
1293 1002 1419 1091 τὴν
1446 1030 1738 1091 αμυναν,
1781 1007 1998 1091 λέγων
2017 1004 2267 1072 τοιάδε.

192 1118 229 1170 4
414 1098 985 1189 “παραλογω’τατά
1034 1128 1147 1190 μοι
1196 1105 1388 1171 δοκεῖ
1424 1101 1500 1170 τὸ
1545 1101 1768 1190 παρὸν
1794 1128 2006 1190 υμων
2047 1100 2273 1169 καθά-

256 1209 545 1269 πτεσθαι
598 1202 772 1280 δέος.
856 1200 1025 1286 πρὸς
1078 1204 1205 1287 μέν
1260 1226 1337 1287 γε
1392 1199 1511 1282 τάς
1565 1205 1956 1288 δαιμονίους
2009 1197 2269 1286 πληγὰς
2312 1221 2361 1266 ιο

258 1295 553 1385 ἀθυμεῖν
596 1294 772 1379 εἰκὸς
811 1291 934 1386 ἦν·
1006 1296 1081 1367 τὸ
1125 1296 1191 1366 δ’
1247 1295 1413 1367 αὐτὸ
1458 1302 1572 1367 καὶ
1623 1299 1792 1387 πρὸς
1827 1296 2273 1387 ἀνθρωπίνην

258 1402 513 1483 ἔφοδον
551 1397 832 1486 πάσχειν
872 1395 1252 1486 ἀνάνδρων.
1305 1396 1437 1485 ἐγω
1468 1397 1596 1486 γὰρ
1640 1403 1970 1466 τοσοῦτον
2005 1395 2273 1465 ἀποδέω

258 1498 733 1583 κατεπτηχέναι
776 1495 938 1580 τούς
974 1504 1334 1585 πολεμίους
1376 1497 1538 1585 μετὰ
1582 1495 1705 1565 τόν
1757 1494 2038 1584 σεισμόν
2091 1491 2270 1564 ὥσθ’

250 1594 767 1684 υπολαμβάνειν
808 1596 932 1666 τὸν
962 1595 1134 1667 θεὸν
1157 1598 1404 1684 ’Ἄραψι
1449 1601 1684 1682 δέλεαρ
1716 1602 1917 1664 τοῦτο
1960 1604 2279 1664 καθεῖναι

261 1700 387 1763 τοῦ
438 1698 678 1764 δοῦναι
729 1699 918 1776 δίκας
971 1693 1160 1798 ἡμῖν·
1226 1692 1313 1763 ού
1370 1696 1497 1784 γὰρ
1556 1700 1885 1763 τοσοῦτον
1936 1690 2174 1772 ὅπλοις
2227 1687 2273 1779 ἢ
2316 1713 2366 1754 1⁸

255 1793 450 1881 χερσὶ
488 1795 894 1877 πεποιθότες
935 1793 1104 1864 οσον
1147 1809 1291 1877 ταῖς
1330 1794 1733 1882 αὐτομάτοις
1771 1789 1965 1879 ἡμων
2005 1810 2279 1877 συμφο-

264 1906 415 1978 ραῖς
452 1884 654 1981 ἧκον·
701 1892 1044 1985 σφαλερὰ
1048 1897 1122 1963 δὲ
1164 1897 1351 1976 ἐλπὶς
1385 1891 1512 1963 οὐκ
1547 1897 1613 1975 ἐξ
1658 1896 1828 1973 ἰδίας
1866 1888 2093 1978 ἰσχύος
2122 1885 2276 1959 ἀλλ’

265 1994 334 2075 ἐξ
380 1989 730 2077 ἀλλοτρίας
772 1976 1107 2081 ἠρτημένη
1152 1999 1623 2079 κακοπραγίας.
1671 1990 1830 2060 οὔτε
1874 1990 1948 2060 δε
1988 1987 2063 2059 τὸ
2109 1993 2286 2058 δυσ-

264 2105 492 2176 τυχεῖν
536 2116 696 2159 ουτε
736 2089 812 2159 τὸ
859 2094 1166 2160 ἐναντίον
1206 2094 1285 2159 ἐν
1323 2089 1717 2178 ἀνθρώποις
1751 2095 2064 2180 βέβαιον,
2120 2086 2278 2158 ἀλλ’

268 2192 451 2256 ἔστιν
509 2193 678 2257 ἰδεῖν
749 2192 1285 2289 ἐπαμειβομένην
1346 2194 1438 2271 εἰς
1493 2190 1811 2277 ἑκάτερον
1862 2185 1989 2275 τὴν
2042 2186 2277 2274 τύχην.
2319 2206 2377 2247 ‘1¹⁰

267 2290 382 2356 καὶ
430 2293 629 2356 τοῦτο
674 2286 954 2375 μάθοιτε
1014 2315 1100 2359 αν
1143 2292 1208 2370 ἐξ
1255 2294 1522 2361 οἰκείων
1571 2285 2110 2375 ὑποδειγμάτων.
2199 2292 2287 2375 τῇ

271 2393 446 2475 γοῦν
500 2391 792 2479 προτέρα
845 2390 1020 2481 μάχῃ
1073 2389 1509 2478 κρατούντων
1559 2386 1932 2475 ἐκράτησαν
1982 2384 2178 2476 ἡμῶν
2217 2392 2297 2456 οἱ

271 2488 611 2574 πολέμιοι,
673 2489 783 2556 καὶ
840 2490 1005 2557 κατὰ
1060 2489 1135 2557 τὸ
1197 2487 1375 2568 εἰκὸς
1420 2490 1554 2555 νῦν
1604 2483 1981 2555 ἁλώσονται
2034 2485 2293 2573 κρατή-

275 2606 423 2655 σειν
470 2589 852 2668 δοκοῦντες.
932 2586 1007 2655 τό
1064 2589 1188 2673 μὲν
1232 2585 1363 2674 γάρ
1406 2585 1582 2673 ἄγαν
1633 2583 1966 2665 πεποιθὸς
2011 2581 2291 2671 ἀφύλα-

272 2711 459 2774 κτον,
508 2689 579 2753 οἰ
608 2686 814 2775 φόβοι
836 2687 912 2757 δὲ
934 2687 1332 2756 διδάσκουσι
1359 2686 1816 2774 προμήθειαν·
1864 2682 2036 2752 ὥστε
2059 2688 2295 2771 ἔμοιγε
2320 2714 2380 2757 ⁴1⁸

273 2782 404 2853 κάκ
446 2790 571 2852 τοῦ
616 2785 1000 2866 δεδοικότος
1042 2783 1240 2873 ὑμῶν
1279 2791 1731 2872 παρίστασθαι
1774 2792 2081 2869 θαρρεῖν.
2174 2779 2293 2851 ὅτε

273 2880 405 2970 γάρ
448 2882 920 2969 ἐθρασύνεσθε
962 2884 1131 2970 πέρα
1172 2888 1299 2951 τοῦ
1341 2884 1611 2962 δέοντος
1654 2879 1821 2948 κατὰ
1841 2886 1981 2949 ταῖν
1997 2884 2293 2967 ἐχθροῖν,

277 2978 461 3068 παρὰ
516 2976 642 3067 τὴν
692 2979 861 3067 ἐμὴν
903 2981 1184 3067 γνώμην
1230 2979 1747 3067 ἐξορμήσαντες,
1802 2976 2045 3064 καιρὸν
2092 2983 2295 3064 ἔσχεν

278 3076 322 3166 ἡ
352 3076 767 3166 Ἀθηνίωνος
818 3079 1089 3159 ἐνέδρα·
1175 3076 1337 3144 νυνὶ
1376 3076 1453 3144 δὲ
1498 3072 1534 3143 6
1582 3072 1786 3156 ὄκνος
1826 3072 2024 3163 ὑμῶν
2063 3080 2176 3144 καὶ
2213 3074 2293 3144 τὰ

280 3179 537 3244 δοκοῦν
572 3172 847 3263 ἄθυμον
887 3172 1266 3262 ἀσφάλειαν
1311 3174 1457 3261 ἐμοὶ
1499 3179 1691 3260 νίκης
1733 3175 2073 3261 ἐγγυᾶται.
2160 3173 2291 3263 χρὴ
2330 3208 2389 3251 ‚0

283 3275 509 3356 μέντοι
550 3274 741 3360 μέχρι
783 3280 906 3341 τοῦ
947 3276 1215 3360 μέλλειν
1253 3268 1470 3353 οὕτως
1511 3275 1722 3359 ἔχειν,
1771 3273 1849 3339 ἐν
1891 3273 1968 3340 δὲ
2006 3284 2146 3353 τοῖς
2180 3265 2300 3359 ἔρ-

284 3394 429 3452 γοις
472 3373 720 3457 ἐγεῖραι
762 3370 844 3439 τά
879 3371 1278 3460 φρονήματα
1318 3374 1432 3441 καὶ
1473 3384 1695 3441 πεῖσαι
1736 3371 1896 3453 τούς
1929 3368 2299 3460 ἀσεβεστά-
