2450 3875
1314 38 1334 72 Χ

263 177 344 242 68
679 182 846 242 ΤΟΥ
895 182 1371 243 ΙΟΥΔΑΙΚΟΥ
1427 181 1914 248 ΠΟΛΕΜΟΥ

262 344 389 428 μὲν
404 334 534 410 οὖν
547 339 632 409 οὐ
647 342 1197 433 συνερρήγνυντο
1211 356 1368 428 τοῖς
1362 342 1702 433 Ῥωμαίοις
1716 349 1822 416 ἐπὶ
1839 347 2165 439 προύπτῳ
2184 354 2281 441 τῷ

265 442 579 534 θανάτω,
623 442 737 512 διὰ
768 443 844 511 δὲ
872 449 1010 512 τῶν
1030 439 1406 532 ὑπονόμων
1434 447 1510 513 ἐν
1544 446 1772 532 μέσοις
1795 444 2024 527 αὐτοῖς
2056 449 2280 529 ἐξαπί-

265 567 388 629 νης
431 545 791 628 ἐφαίνοντο
805 593 825 629 ,
868 546 982 611 καὶ
1018 546 1196 630 πρὶν
1213 550 1742 631 κατασεισθῆναί
1774 570 1840 614 τι
1864 553 1991 615 τοῦ
2023 554 2282 633 τείχους

264 641 499 726 ἕτερον
522 639 964 730 ἀντωχύρουν
982 669 997 684 ·
1024 643 1334 713 καθόλου
1355 668 1427 710 τε
1451 648 1661 711 εἰπεῖν
1687 669 1848 712 ουτε
1870 647 2098 731 χερσὶν
2120 643 2282 715 οὔτε

264 742 590 822 ἐπινοίαις
635 746 962 828 ἔκαμνον,
997 747 1103 822 εἰς
1133 747 1411 829 ἔσχατον
1456 738 1789 827 ἀντισχεῖν
1816 744 2273 829 διεγνωκότες.
2311 774 2340 815 5

265 838 492 928 ἀμέλει
550 839 955 928 τηλικαύτης
1014 840 1367 928 δυνάμεως
1421 845 2027 931 περικαθεζομένης
2081 847 2281 913 πέντε

266 943 428 1029 μησὶ
457 944 823 1029 διήνεγκαν
843 937 973 1028 τὴν
997 947 1419 1028 πολιορκίαν,
1457 942 1584 1021 ἕως
1604 946 1746 1009 τῶν
1757 938 2071 1028 Ἡρώδου
2102 942 2284 1025 τινὲς

183 1107 190 1114 .
266 1044 631 1111 ἐπιλέκτων
688 1043 1003 1129 ἐπιβῆναι
1044 1046 1171 1109 τοῦ
1230 1047 1494 1128 τείχους
1532 1039 2006 1127 θαρρήσαντες
2061 1047 2282 1110 εἰσπί-

263 1151 552 1210 πτουσιν
594 1145 689 1221 εἰς
718 1139 843 1227 τήν
877 1141 1111 1228 πόλιν,
1155 1138 1268 1227 ἐφ’
1305 1134 1406 1221 οἷς
1451 1138 1930 1228 ἑκατοντάρχαι
1950 1149 2278 1211 Σοσσίου.

262 1248 491 1325 πρῶτα
525 1242 600 1307 δὲ
621 1239 703 1306 τά
738 1241 891 1327 περὶ
922 1237 996 1309 τὸ
1033 1236 1221 1328 ἱερὸν
1255 1237 1589 1326 ἡλίσκετο,
1632 1240 1745 1307 καὶ
1776 1245 1894 1325 τῆς
1924 1239 2276 1328 δυνάμεως
2316 1266 2367 1307 ιο

261 1343 770 1425 ἐπεισχυθείσης
833 1345 1178 1426 πανταχοῦ
1225 1340 1439 1426 φόνος
1484 1332 1572 1425 ἦν
1634 1344 1873 1427 μυρίος
1891 1389 1911 1425 ,
1971 1364 2111 1407 των
2152 1341 2281 1428 μὲν

255 1438 593 1526 Ῥωμαίων
623 1439 732 1507 ἐπὶ
781 1446 863 1528 τῇ
910 1445 1110 1528 τριβῇ
1158 1446 1279 1527 τῆς
1319 1445 1708 1526 πολιορκίας
1747 1441 2278 1528 διωργισμένων,

261 1545 388 1606 τοῦ
443 1540 521 1607 δὲ
562 1538 714 1624 περὶ
751 1534 1060 1625 Ἡρώδην
1095 1536 1468 1606 Ἰουδαϊκοῦ
1518 1538 1773 1624 μηδένα
1823 1533 2282 1607 ὑπολιπέσθαι

187 1651 196 1661 ‘
265 1636 678 1716 σπεύδοντος
706 1633 1094 1705 ἀντίπαλον.
1137 1638 1547 1724 ἐσφάττοντο
1591 1635 1669 1704 δὲ
1701 1643 2155 1724 παμπληθεῖς,
2200 1641 2283 1705 ἐν

262 1763 336 1805 τε
358 1750 497 1817 τοῖς
524 1747 888 1815 στενωποῖς
912 1735 1022 1803 καὶ
1044 1761 1212 1804 κατα
1236 1734 1353 1816 τὰς
1377 1741 1588 1816 οἰκίας
1610 1734 2133 1820 συνωθούμενοι
2155 1737 2272 1803 καὶ
2318 1757 2365 1799 ιι

261 1842 354 1927 τῷ
391 1841 536 1927 ναῷ
573 1832 1150 1922 προσφεύγοντες·
1214 1825 1304 1921 ἦν
1340 1833 1417 1901 δὲ
1453 1831 1614 1901 οὔτε
1652 1838 1918 1919 νηπίων
1955 1829 2115 1901 οὔτε
2148 1860 2276 1921 γη·-

265 1942 480 2022 ραιῶν
512 1939 696 2013 ἔλεος
727 1927 885 2000 οὔτε
915 1927 1275 2013 ἀσθενείας
1308 1937 1692 2019 γυναικῶν,
1738 1927 1909 2000 ἀλλά
1950 1938 2167 2001 καίτοι
2196 1960 2281 2020 γε

261 2034 794 2120 περιπέμποντος
842 2037 968 2099 τοῦ
1012 2036 1337 2119 βασιλέως
1384 2033 1497 2099 καὶ
1555 2034 1911 2116 φείδεσθαι
1969 2056 2283 2120 παρακα-

261 2141 556 2212 λοῦντος
607 2128 834 2211 οὐδεὶς
875 2130 1199 2219 ἐκράτησε
1245 2137 1363 2218 τῆς
1399 2133 1651 2216 δεξιᾶς,
1696 2127 1844 2198 ἀλλ’
1887 2128 2113 2219 ωσπερ
2153 2156 2284 2218 με-

260 2233 543 2352 μηνότες
572 2236 796 2298 πασαν
819 2226 1089 2316 ἡλικίαν
1112 2231 1493 2319 ἐπεξῄεσαν.
1533 2232 1707 2296 ἔνθα
1733 2231 1845 2297 καὶ
1867 2226 2274 2317 Ἀντίγονος,
2318 2254 2375 2295 το

257 2332 422 2418 μήτε
444 2337 560 2416 τῆς
588 2331 792 2397 πάλαι
812 2330 975 2416 μήτε
995 2337 1113 2417 τῆς
1139 2329 1293 2398 τότε
1323 2329 1527 2417 τύχης
1556 2333 1827 2397 ἔννοιαν
1859 2329 2114 2419 λαβών,
2145 2331 2282 2400 κά-

262 2449 432 2499 τεισι
456 2426 642 2517 μὲν’
601 2428 738 2497 απὸ
763 2435 884 2517 τῆς
915 2428 1208 2518 βάρεως,
1254 2433 1656 2516 προσπίπτει
1690 2428 1765 2496 δὲ
1795 2443 1935 2510 τοῖς
1970 2436 2279 2499 Σοσσίου

262 2537 441 2599 ποσί.
484 2527 793 2612 κάκεῖνος
820 2531 1031 2618 μηδὲν
1055 2528 1265 2598 αὐτὸν
1295 2534 1622 2615 οἰκτείρας
1645 2526 1813 2617 πρὸς
1840 2527 1965 2615 τὴν
1985 2536 2283 2618 μεταβο-

262 2630 413 2751 λήν,
425 2629 836 2715 ἐπεγέλασέ
813 2654 885 2696 τε
911 2625 1215 2714 ἀκράτως
1247 2630 1359 2696 καὶ
1375 2624 1770 2713 Ἀντιγόνην
1800 2628 2135 2697 ἐκάλεσεν.
2185 2627 2277 2697 ου’

261 2727 399 2816 μὴν
420 2726 509 2810 ὥς
539 2725 826 2815 γυναῖκά
854 2752 932 2812 γε
951 2727 1062 2794 καὶ
1084 2749 1395 2813 φρουρας
1423 2722 1849 2863 ἐλεύθερον’
1810 2732 2100 2815 ἀφῆκεν,
2128 2724 2271 2796 ἀλλ’
2314 2754 2374 2796 2⁵

260 2825 305 2895 ὅ
334 2830 460 2914 μὲν
492 2830 717 2909 δεθεὶς
743 2824 1167 2913 ἐφυλάττετο.

200 2952 238 3007 3
435 2926 723 3015 πρόνοια
775 2923 852 2994 δὲ
912 2915 1001 3013 ἦν
1041 2921 1308 3013 Ἡρώδῃ
1347 2929 1711 3011 κρατοῦντι
1750 2950 1889 2994 των
1934 2930 2282 3013 πολεμίων

260 3027 413 3097 τότε
446 3032 770 3114 κρατῆσαι
797 3023 910 3092 καὶ
941 3030 1081 3092 τῶν
1112 3021 1525 3111 ἀλλοφύλων
1555 3024 1954 3112 συμμάχων·
2002 3023 2278 3112 ὥρμητο

257 3127 388 3214 γὰρ
434 3124 507 3195 τὸ
547 3122 815 3208 ξενικὸν
857 3130 1120 3210 πλῆθος
1148 3124 1258 3191 ἐπὶ
1301 3127 1474 3194 θέαν
1501 3150 1574 3193 τε
1604 3132 1734 3193 τοῦ
1770 3129 1961 3211 ἱεροῦ
1983 3126 2097 3193 καὶ
2134 3130 2283 3192 τῶν

254 3228 424 3294 κατὰ
450 3225 572 3294 τὸν
592 3224 763 3294 ναὸν
792 3221 1021 3311 ἁγίων.
1106 3220 1143 3291 ὁ
1172 3225 1247 3292 δὲ
1274 3222 1591 3312 βασιλεὺς
1616 3221 1778 3305 τούς
1810 3224 1937 3311 μὲν
1962 3247 2275 3308 παρακα-
2318 3251 2381 3292 ao

256 3330 419 3410 λων,
463 3336 599 3404 τοῖς
633 3324 708 3392 δὲ
721 3323 1237 3444 ἀπειλούμενος,
1316 3328 1455 3392 ἔστι
1488 3326 1567 3391 δὲ
1597 3348 1718 3404 ους
1739 3326 1859 3392 καὶ
1873 3337 2012 3405 τοῖς
2034 3321 2280 3404 οπλοις

255 3420 669 3509 ἀνέστελλεν,
711 3420 910 3511 ἥττης
952 3426 1418 3512 χαλεπωτέραν
1461 3424 1587 3509 τὴν
1628 3429 1830 3510 νίκην
1858 3418 2276 3511 ὑπολαμβά-
