2450 3875
624 116 629 120 ·
710 116 1001 180 ΛΟΓΟΣ
1032 116 1470 177 nmmum:
1968 71 2076 176 ‘2⁶7

97 291 344 377 ἵδρυτο,
365 293 809 378 κερατοειδεῖς
831 288 1221 377 προανέχων
1238 292 1509 377 γωνίας,
1534 281 1705 358 καὶ’
1667 282 1802 358 απὸ
1820 307 2076 376 μεσημ-

96 397 284 480 βρίας
335 387 439 460 ἐπ’
484 386 697 460 αὐτὸν
741 386 985 472 ἄνοδος
1034 387 1250 480 ἠρέμα
1304 388 1681 478 προσάντης
1730 385 2071 461 ὑπτίαστο.

96 488 594 583 κατεσκευάσθη
624 490 691 563 δ’
733 520 902 564 ανευ
940 493 1261 583 σιδήρου,
1300 495 1414 562 καὶ
1452 489 1778 619 οὐδέποτε
1822 499 2079 575 ἔψαυεν
2173 556 2179 572 ,

98 592 305 666 αὐτοῦ
333 601 626 684 σίδηρος.
676 598 1072 686 περιέστεφε
1104 596 1182 666 δὲ
1208 594 1331 665 τόν
1356 622 1427 665 τε
1454 593 1624 666 ναὸν
1649 597 1761 666 καὶ
1791 592 1910 666 τὸν
1937 603 2076 684 βω-

101 697 230 823 μὸν
255 694 534 768 ευλιθόν
553 728 616 769 τι
641 701 756 768 καὶ
780 704 1014 787 χαρίεν
1040 705 1326 787 γείσιον,
1345 720 1509 768 οσον
1534 713 1864 787 πηχυαῖον
1881 694 2078 785 ὕψος,

96 798 135 870 ὃ
164 806 455 891 διεΰργεν
482 803 779 890 ἐξωτέρω
806 800 924 871 τὸν
949 807 1165 890 δῆμον
1192 798 1323 872 ἀπὸ
1354 807 1489 872 τῶν
1522 791 1779 891 ἱερέων.
1833 828 2077 890 γονορ-

96 911 303 992 ροίοις
326 904 450 992 μὲν
475 901 559 992 δὴ
590 906 702 974 καὶ
731 913 998 994 λεπροῖς
1023 899 1067 994 ἡ
1094 904 1285 984 πόλις
1310 899 1431 992 ολη
1459 908 1812 993 διείργετο,
1836 927 2080 992 γυναι-

95 1034 236 1077 κων
262 1006 337 1076 δὲ
362 1009 704 1096 έμμηνίοις
736 1004 1203 1078 ἀπεκέκλειστο
1221 1057 1243 1094 ,
1285 1015 1653 1094 παρελθεῖν
1691 1006 1766 1077 δὲ
1806 1005 2080 1096 ταύταις

99 1106 257 1179 οὐδὲ
284 1120 615 1199 καθαραῖς
641 1112 799 1198 ἐξῆν
824 1104 906 1178 ὃν
932 1097 1345 1199 προείπομεν
1368 1105 1550 1198 ὅρον.
1606 1106 1879 1200 ἀνδρῶν
1915 1107 1983 1179 δ’
2014 1114 2085 1180 οἰ

102 1208 193 1301 μὴ
220 1211 382 1282 κατὰ
407 1220 543 1284 πᾶν
569 1208 971 1301 ἡγνευκότες
999 1222 1305 1301 εἴργοντο
1335 1219 1450 1300 τῆς
1478 1218 1680 1282 ἔνδον
1706 1209 1936 1300 αὐλῆς,
1963 1213 2077 1282 καὶ

99 1320 236 1384 τῶν
275 1318 509 1402 ἱερέων
552 1315 756 1386 πάλιν
795 1318 864 1386 οἱ
898 1311 990 1404 μὴ
1030 1313 1528 1404 καθαρεύοντες
1562 1324 1887 1403 εἴργοντο.
1940 1321 2078 1384 τῶν
2104 1338 2140 1392 7

97 1407 191 1486 δὲ’
212 1414 341 1487 άπὸ
369 1420 610 1506 γένους
652 1420 889 1507 ἱερέων
927 1413 1075 1488 ὅσοι
1102 1416 1215 1488 διὰ
1257 1417 1563 1507 πήρωσιν
1587 1414 1714 1489 ούκ
1742 1417 2076 1506 ἐλειτούρ-

95 1547 300 1608 γουν,
343 1520 653 1610 παρῆσάν
697 1547 768 1591 τε
800 1515 942 1608 ἅμα
980 1535 1119 1602 τοῖς
1158 1517 1545 1611 ὁλοκλήροις
1584 1522 1912 1610 ἐνδοτέρω
1956 1526 2080 1590 τοῦ

94 1630 393 1710 γεισίου,
431 1626 547 1693 καὶ
586 1620 703 1704 τὰς
738 1618 870 1693 άπὸ
898 1629 1021 1692 τοῦ
1061 1625 1302 1712 γένους
1354 1622 1730 1712 ἐλάμβανον
1779 1630 2077 1713 μερίδας,

96 1740 240 1806 ταῖς
265 1754 343 1814 γε
368 1724 503 1816 μὴν
530 1729 809 1816 ἐσθῆσιν
831 1725 1195 1807 ἰδιωτικαῒς
1219 1728 1507 1815 ἐχρῶντο
1523 1747 1539 1762 ·
1585 1723 1711 1813 τὴν
1731 1723 1861 1815 γὰρ
1889 1724 2079 1817 ἱερὰν

93 1825 132 1897 ὁ
163 1835 575 1918 λειτουργῶν
602 1825 1017 1919 ἠμφιέννυτο
1060 1827 1286 1916 μόνος.
1340 1829 1450 1897 ἐπὶ
1487 1827 1566 1897 δὲ
1604 1825 1678 1897 τὸ
1706 1827 2078 1916 θυσιαστή-

95 1959 250 2021 ριον
288 1933 404 2003 καὶ
442 1929 562 2003 τὸν
600 1928 770 2003 ναὸν
820 1927 1181 2021 ἀνέβαινον
1229 1935 1301 2002 οἰ
1335 1957 1473 2001 των
1517 1926 1838 2021 ίερέων”
1795 1958 2077 2020 αμωμοι,

92 2034 355 2123 βύσσον
387 2032 577 2124 μὲν’
539 2035 1025 2125 αμπεχόμενοι,
1058 2034 1339 2123 μάλιστα
1371 2030 1437 2103 δ’
1469 2028 1600 2105 άπὸ
1632 2031 1925 2123 ἀκράτου
1952 2030 2080 2122 νή-

94 2165 342 2225 φοντες
374 2139 513 2209 δέει
547 2144 662 2227 τῆς
697 2144 1096 2227 θρησκείας,
1147 2164 1238 2218 ως
1277 2136 1370 2226 μή
1409 2162 1471 2206 τι
1499 2144 1874 2226 παραβαῖεν
1899 2140 1972 2207 έν
1999 2143 2080 2225 τῇ

97 2248 507 2334 λειτουργίᾳ.
562 2237 599 2311 ὁ
626 2242 703 2311 δε
730 2237 1079 2329 ἀρχιερεὺς
1104 2236 1298 2330 άνῄει
1327 2239 1452 2329 μὲν
1476 2237 1607 2309 συν
1632 2237 1893 2329 αὐτοῖς,
1924 2236 2075 2310 ἀλλ’
2153 2254 2164 2267 ”

94 2340 226 2413 οὐκ
264 2342 408 2433 ἀεί,
466 2358 606 2426 ταῖς
646 2342 714 2413 δ’
760 2341 1079 2433 ἑβδομάσι
1123 2345 1240 2413 καὶ
1277 2349 1673 2432 νουμηνίαις
1721 2346 1835 2414 καὶ
1878 2353 1944 2413 εὶ·
1982 2371 2081 2425 τις

98 2444 299 2534 ἑορτὴ
325 2442 660 2536 πάτριοςῆ
685 2446 1059 2537 πανήγυρις
1086 2444 1429 2534 πάνδημος
1449 2442 1738 2541 ἀγομένη
1766 2443 1846 2516 δι’
1871 2453 2078 2527 ἔτους.

98 2549 508 2639 ἐλειτούργει
552 2550 627 2629 δὲ
665 2547 822 2631 τούς
856 2575 1114 2638 μηρους
1149 2545 1353 2637 ‘dv'
1313 2575 1499 2637 αχρις
1538 2553 1806 2618 αἰδοίου
1841 2548 2081 2633 διαζώ-

95 2673 301 2740 σματι
327 2652 719 2742 καλύπτων,
759 2657 998 2722 λινοῦν
1027 2678 1098 2721 τε
1126 2647 1477 2739 ὑποδύτην
1503 2656 1791 2721 ἔνδοθεν
1823 2649 2080 2739 λαμβά-

94 2781 279 2844 νων,
331 2756 446 2825 καὶ
511 2760 800 2846 ποδῆρες
862 2752 1309 2843 καθύπερθεν
1367 2749 1773 2823 υακίνθινον
1826 2758 2082 2841 ἔνδυμα

91 2858 534 2948 στρογγύλον,
563 2855 968 2929 θυσανωτὸν
995 2862 1216 2946 ἔργον.
1263 2861 1399 2926 τῶν
1419 2856 1494 2926 δὲ
1511 2853 1839 2927 θυσάνων
1864 2851 2085 2944 ἀπήρ-

91 2988 299 3048 τηντο
326 2959 636 3042 κώδωνες
658 2960 930 3063 χρύσεοι
954 2961 1068 3030 καὶ
1095 2961 1274 3047 ῥοιαὶ
1314 2957 1756 3048 παράλληλοι,
1793 2964 2081 3047 βροντῆς

91 3063 222 3152 μὲν
249 3070 324 3133 οἱ
341 3061 655 3146 κώδωνες
687 3060 1024 3153 ἀστραπῆς
1052 3059 1117 3132 δ’
1150 3067 1227 3131 αἰ
1259 3063 1438 3151 ῥοιαὶ
1476 3075 1772 3150 σημεῖον.
1829 3089 1872 3150 η
1899 3060 1976 3130 δὲ
2001 3059 2076 3131 τὸ

91 3171 358 3257 ἔνδυμα
400 3173 493 3261 τῷ
533 3170 789 3261 στέρνῳ
827 3170 1254 3256 προσηλοῦσα
1293 3169 1515 3241 ταινία
1558 3165 1756 3234 πέντε
1802 3160 2080 3252 διηνθι-

91 3271 311 3359 σμένη
340 3270 577 3355 ζώναις
613 3275 1029 3357 πεποίκιλτο,
1069 3273 1326 3357 χρυσοῦ
1352 3294 1423 3338 τε
1450 3267 1563 3337 καὶ
1588 3266 1945 3356 πορφύρας
1969 3269 2087 3339 καὶ

91 3372 385 3460 κόκκου,
427 3370 594 3461 πρὸς
622 3374 697 3443 δὲ
732 3371 995 3461 βύσσου
1033 3372 1145 3440 καὶ
1171 3366 1546 3456 ὑακίνθου,
1575 3365 1668 3439 δι’
1702 3397 1800 3439 ων
1828 3376 2084 3459 ἔφαμεν

91 3476 205 3547 καὶ
249 3473 333 3544 τὰ
373 3482 497 3546 τοῦ
523 3483 694 3547 ναοῦ
736 3472 1282 3564 καταπετάσματα
1309 3471 1769 3564 συνυφάνθαι.
1826 3472 2083 3556 τούτοις
