2450 3875
799 169 1093 231 ΛΟΓΟΣ
1139 168 1490 230 ΠΡΩΤΟΣ
2069 167 2150 231 93

307 334 574 415 τούτοις
628 328 720 414 ὥς
770 333 1024 419 πατέρα
1070 334 1418 412 πείσαντες
1459 334 1703 418 ταχέως
1743 329 1867 400 τὸν
1906 329 2032 420 μὲν
2070 332 2147 398 ἐν
2176 348 2208 399 5

134 438 323 522 χερσὶ
345 433 572 521 φόβον
595 430 1123 516 διεκρούσαντο,
1162 428 1290 518 τὴν
1328 431 1402 498 δὲ
1442 435 1535 511 είς
1567 429 1649 499 τά
1670 434 1995 518 μέλλοντα
2025 432 2153 500 λύ-

136 560 277 621 πην
299 534 723 619 προσέλαβον
738 557 753 574 ·
796 533 1102 615 ἔγνωσαν
1143 527 1271 616 γάρ
1295 529 1422 617 τήν
1442 555 1514 598 τε
1535 529 1875 617 Σαλώμην
1897 530 2156 617 ἐχθρὰν

137 636 249 701 καὶ
272 632 398 701 τὸν
417 641 615 701 θεῖον
636 628 987 715 Φερώραν.
1064 619 1243 715 ἦσαν
1277 630 1351 720 δὲ
1382 635 1613 716 βαρεῖς
1634 627 1760 716 μὲν
1781 627 2151 716 ἀμφότεροι

82 771 109 814 ⁸
137 733 249 800 καὶ
290 735 606 817 χαλεποί,
651 725 973 813 Φερώρας
1017 729 1091 794 δὲ
1131 731 1391 814 μείζων,
1427 723 1502 808 ὃς
1546 727 1766 815 πάσης
1805 729 1930 815 μὲν
1971 731 2152 796 ἐκοι-

138 830 345 899 νώνει
368 834 487 914 τῆς
507 831 847 915 βασιλείας
868 823 1045 914 πλὴν
1068 827 1498 915 διαδήματος,
1521 826 1867 913 προσόδου
1887 828 1960 895 δὲ
1982 830 2153 906 ἰδίας

138 926 383 998 ἑκατὸν
423 923 552 1012 εἶχε
601 923 927 1011 τάλαντα,
975 921 1101 1010 τὴν
1145 926 1221 992 δὲ
1282 926 1497 1013 πέραν
1538 922 1881 1013 Ἰορδάνου
1930 930 2153 992 πᾶσαν

138 1030 517 1118 ἐκαρποῦτο
560 1023 821 1111 χώραν,
869 1021 1103 1110 λαβών
1146 1021 1327 1109 παρὰ
1369 1020 1714 1112 τάδελφοῦ
1763 1029 2023 1111 δώρον,
2075 1020 2152 1104 ὃς

138 1123 355 1196 αὐτὸν
385 1126 656 1210 ἐποίησε
686 1124 799 1190 καὶ
830 1120 1230 1209 τετράρχην,
1274 1121 1710 1211 αἰτησάμενος
1752 1121 1932 1207 παρὰ
1981 1128 2153 1192 Καί-

66 1263 109 1307 u»
138 1247 346 1313 σαρος
363 1276 383 1310 ‚
428 1227 797 1311 βασιλικῶν
819 1246 890 1289 τε
912 1220 1147 1307 γάμων
1166 1218 1406 1308 ἠξίωσε
1441 1228 1826 1302 συνοικίσας
1848 1220 2154 1309 ἀδελφὴν

136 1331 253 1413 τῆς
273 1329 447 1404 ἰδίας
469 1320 809 1410 γυναικός.
859 1320 1024 1408 μετα
1048 1319 1121 1392 δὲ
1150 1320 1277 1407 τὴν
1300 1323 1559 1409 ἐκείνης
1579 1322 1897 1408 τελευτὴν
1918 1333 2152 1393 καθω-

136 1432 341 1494 σίωσε
406 1423 531 1510 τὴν
583 1421 1052 1509 πρεσβυτάτην
1115 1427 1255 1489 τών
1314 1417 1529 1490 αὐτοῦ
1587 1427 1987 1509 θυγατέρων
2043 1424 2153 1492 ἐπὶ

138 1524 370 1606 προικὶ
423 1525 830 1604 τριακοσίοις
871 1519 1242 1599 ταλάντοις.
1336 1516 1475 1588 ἀλλ’
1516 1517 1774 1610 ἀπέδρα
1831 1520 2151 1607 Φερώρας

138 1623 261 1692 τὸν
295 1620 651 1710 βασιλικὸν
692 1619 912 1706 γάμον
933 1619 1103 1705 πρὸς
1134 1624 1352 1704 ἔρωτα
1390 1619 1658 1707 δούλης.
1727 1618 1839 1707 ἐφ’
1868 1612 1922 1711 ᾦ
1954 1628 2148 1707 χαλε-

66 1745 111 1788 ιι
145 1723 362 1810 κήνας
397 1718 699 1807 Ἡρώδης
744 1716 870 1805 τὴν
917 1718 1042 1806 μὲν
1083 1723 1434 1806 θυγατέρα
1487 1727 1581 1812 τῷ
1638 1720 1806 1807 πρὸς
1846 1723 2154 1806 Πάρθων

143 1818 431 1907 ὕστερον
487 1817 917 1903 ἀναιρεθέντι
977 1820 1372 1898 συνέζευξεν
1430 1815 1808 1910 ἀδελφιδῷ,
1867 1820 2155 1910 Φερώρᾳ

140 1922 211 1991 δὲ
253 1917 399 2009 μετ’
447 1916 532 1988 ού
577 1913 753 1987 πολὺ
794 1913 921 2004 τὴν
952 1912 1169 2004 ὀργὴν
1210 1912 1420 2006 ἀνίει,
1464 1915 1700 1999 διδούς
1744 1919 2154 2008 συγγνώμην

139 2027 218 2110 τῇ
252 2020 456 2111 νόσω.

309 2115 696 2206 διεβάλλετο
722 2118 795 2184 δὲ
824 2118 934 2183 καὶ
974 2113 1177 2183 πάλαι
1194 2119 1340 2204 μέν,
1386 2118 1482 2184 ἔτι
1507 2113 1717 2202 ζώσης
1750 2122 1867 2202 τῆς
1889 2124 2150 2205 βασιλί-
2177 2125 2212 2181 6

66 2256 115 2296 20
144 2223 279 2307 δος,
299 2212 769 2304 ἐπιβουλεύειν
791 2209 976 2304 αὐτῷ
989 2212 1398 2300 φαρμάκοις·
1433 2212 1584 2289 τότε
1607 2215 1681 2282 δὲ
1704 2223 1999 2285 πλεῖστοι
2023 2244 2151 2304 μη-

142 2318 339 2388 νυταὶ
360 2313 763 2404 προσῄεσαν,
788 2309 878 2394 ὥς
898 2318 1137 2400 καίπερ
1161 2312 1746 2400 φιλαδελφότατον
1757 2311 1921 2385 ὄντα
1934 2314 2152 2404 Ἡρώ-

141 2421 268 2503 δην
283 2419 380 2495 είς
402 2419 626 2482 πίστιν
656 2407 1051 2498 ὑπαχθῆναι
1073 2416 1212 2479 τών
1231 2413 1614 2498 λεγομένων
1636 2413 1748 2481 καὶ
1768 2416 1938 2495 δέος.
1984 2426 2151 2485 πολ-

142 2513 305 2596 λούς
329 2512 404 2581 δὲ
442 2517 574 2580 τῶν
594 2514 669 2579 έν
689 2507 981 2598 ὑπονοίᾳ
1002 2516 1368 2597 βασανίσας
1400 2518 1784 2580 τελευταῖον
1805 2504 2020 2599 ἦλθεν
2043 2517 2153 2583 ἐπὶ

140 2613 298 2695 τούς
320 2607 606 2697 Φερώρα
628 2615 891 2697 φίλους,
909 2601 1007 2678 dv
1021 2608 1392 2699 ἐπιβουλὴν
1406 2607 1532 2697 μὲν
1553 2607 1875 2695 ἄντικρυς
1887 2609 2151 2700 ὡμολό-

68 2742 113 2783 κ
143 2732 349 2799 γησεν
398 2707 661 2795 οὐδείς,
705 2708 809 2776 ὅτι
860 2709 933 2776 δὲ
982 2707 1107 2795 τὴν
1152 2709 1499 2795 ἐρωμένην
1547 2704 2015 2796 ἁρπασάμενος
2058 2715 2152 2791 εἰς

140 2812 469 2897 Πάρθους
496 2804 878 2893 ἀποδρᾶναι
908 2807 1467 2896 παρεσκευάζετο,
1493 2810 1901 2895 συμμέτοχος
1933 2809 2007 2877 δὲ
2026 2816 2150 2879 τοῦ

140 2912 510 2996 σκέμματος
541 2902 725 2996 αύτῷ
751 2907 862 2973 καὶ
889 2911 1006 2992 τῆς
1035 2911 1261 2993 φυγῆς
1287 2905 1720 2993 Κοστόβαρος
1750 2902 1785 2974 ὁ
1818 2906 2151 2994 Σαλώμης

138 3006 346 3096 ἀνήρ,
394 2997 448 3097 ᾧ
489 3006 866 3097 συνῴκισεν
909 3002 1126 3092 αὐτὴν
1154 3000 1190 3073 ὁ
1237 3004 1553 3093 βασιλεὺς
1591 3007 1701 3073 ἐπὶ
1735 3011 1994 3095 μοιχεία
2027 3014 2150 3075 τοῦ
2227 3004 2236 3009 ’

139 3110 473 3192 προτέρου
534 3107 1048 3191 διαφθαρέντος.
1152 3095 1241 3190 ἦν
1305 3102 1380 3171 δὲ
1442 3102 1770 3189 ἐλευθέρα
1834 3108 2153 3192 διαβολῆς

71 3226 113 3266 ³·
139 3204 293 3275 οὐδὲ
350 3201 685 3292 Σαλώμη·
773 3205 886 3273 καὶ
942 3203 1069 3291 γὰρ
1129 3199 1338 3290 αὐτῆς
1394 3202 1716 3290 Φερώρας
1769 3200 1805 3270 ὁ
1858 3199 2154 3292 ἀδελφός

142 3302 528 3391 κατηγόρει,
595 3299 947 3389 συνθήκας
1010 3302 1162 3388 περὶ
1235 3300 1457 3387 γάμου
1522 3302 1930 3388 ποιουμένης
1982 3302 2151 3389 πρὸς

144 3411 483 3473 Συλλαῖον
527 3400 649 3471 τὸν
694 3397 937 3489 Ὀβόδα
986 3407 1108 3470 τοῦ
1152 3396 1459 3488 Ἀράβων
1509 3403 1835 3490 βασιλέως
1881 3402 2149 3490 ἐπίτρο-
