2450 3875
732 170 749 190 ι
866 140 1158 202 ΛΟΓΟΣ
1192 141 1478 247 ΕΙΞΤΟΣ
2088 138 2169 202 89

175 311 457 400 Πούδης
483 307 693 399 ὄνομα
710 362 729 398 ,
759 315 895 380 τῶν
921 310 986 395 ἐξ
1017 317 1161 398 ἴλης
1191 312 1484 397 ἱππέων,
1527 309 2014 400 βδελυξάμενος
2041 308 2170 382 αύ-

177 421 307 485 τοῦ
335 415 416 483 τά
440 441 517 483 τε
544 412 799 503 ῥήματα
825 415 938 482 καὶ
963 414 1038 484 τὸ
1067 410 1370 495 αὔθαδες
1395 411 1600 497 (εἰκὸς
1619 412 1694 482 δὲ
1713 416 1826 483 καὶ
1852 413 2018 502 πρὸς
2046 414 2169 503 τὴν

184 516 579 607 βραχύτητα·
594 523 715 586 τοῦ
745 515 1046 603 σώματος
1091 512 1305 586 αὐτὸν
1343 510 1839 605 ἀπερισκέπτως
1865 520 2170 606 ἐπαρθῆ-

180 628 330 706 ναι)
357 625 686 711 προπηδᾷ.
736 619 957 695 καὶτὰ
982 621 1107 709 μὲν
1134 616 1302 688 ἄλλα
1329 626 1570 707 περιῆν
1586 618 1970 709 συμβαλών,
2000 644 2169 707 προ-

122 748 156 789 σ
191 723 404 810 εδόθη
433 720 497 792 δ’
532 718 667 793 ὑπὸ
693 728 808 811 τῆς
834 721 1066 811 τύχης·
1120 718 1409 792 πεσόντα
1450 720 1578 810 γὰρ
1620 720 1831 795 αὐτὸν
1869 717 1906 791 ὁ
1943 719 2169 793 Ἰωνά-

188 838 324 914 θης
354 822 761 914 ἀποσφάττει
791 825 1260 913 προσδραμών.
1317 831 1542 894 ἔπειτα
1571 823 1802 912 ἐπιβὰς
1831 832 1922 918 τῷ
1949 832 2169 918 νεκρῷ

188 929 268 1000 τό
296 954 368 998 τε
394 932 585 1016 ξίφος
610 924 999 1051 ᾑμαγμένον
1024 925 1284 997 ἀνέσειε
1309 929 1424 997 καὶ
1448 932 1530 1019 τῇ
1556 934 1712 1021 λαιᾷ
1744 925 1862 998 τὸν
1888 927 2169 1016 θυρεόν,

190 1032 561 1120 ἐπηλάλαξέ
582 1057 654 1100 τε
683 1036 764 1121 τῇ
790 1037 1063 1122 στρατιᾷ
1091 1030 1337 1118 πολλά,
1375 1033 1490 1099 καὶ
1528 1028 1695 1116 πρὸς
1733 1032 1855 1100 τὸν
1881 1029 2173 1101 πεσόντα

190 1134 549 1223 κομπάζων
589 1134 704 1203 καὶ
742 1131 900 1214 τοὺς
954 1129 1255 1222 ὁρῶντας
1297 1120 1656 1221 Ῥωμαίους
1711 1133 2170 1220 ἐπισκώπτων,

98 1266 154 1305 ιο
188 1241 315 1320 ἕως
355 1233 564 1306 αὐτὸν
605 1232 1105 1327 ἀνασκιρτῶντα
1144 1237 1259 1305 καὶ
1306 1242 1704 1325 ματαΐζοντα
1740 1235 2036 1326 Πρίσκος
2073 1257 2172 1317 τις

122 1427 126 1431 .
187 1338 672 1428 ἑκατοντάρχης
706 1338 1020 1421 τοξεύσας
1060 1339 1335 1428 διήλασε
1372 1342 1574 1427 βέλει.
1652 1337 1819 1430 πρὸς
1858 1335 1900 1409 ὃ
1937 1345 2074 1408 τῶν
2100 1364 2173 1408 τε

176 1441 531 1514 Ἰουδαίων
556 1442 671 1511 καὶ
698 1448 836 1511 τῶν
851 1437 1189 1531 Ῥωμαίων
1215 1440 1478 1531 κραυγὴ
1509 1440 1892 1531 συνεξήρθη
1925 1442 2173 1531 διάφο-

190 1573 329 1633 ρος.
383 1541 423 1614 δ’
463 1543 540 1614 δὲ
571 1545 878 1633 δινηθεὶς
903 1549 977 1615 ἐκ
1005 1553 1143 1615 τῶν
1167 1541 1563 1635 ἀλγηδόνων
1592 1547 1700 1614 ἐπὶ
1727 1543 1800 1615 τὸ
1827 1552 2016 1634 σῶμα
2045 1548 2174 1614 τοῦ

189 1653 521 1737 πολεμίου
557 1649 952 1736 κατέπεσεν,
1011 1645 1361 1737 ὠκυτάτην
1401 1644 1753 1739 ἀποφήνας
1790 1650 1865 1718 ἐν
1907 1650 2172 1741 πολέμῳ

100 1782 152 1822 ιιι
192 1749 320 1840 τὴν
347 1753 453 1821 ἐπὶ
486 1765 622 1830 τοῖς
653 1746 910 1838 ἀλόγως
943 1748 1299 1839 εὐτυχοῦσι
1324 1753 1614 1839 νέμεσιν.

347 1857 420 1923 οἱ
446 1848 508 1922 δ’
533 1850 661 1922 ἀνὰ
689 1850 762 1922 τὸ
794 1851 978 1949 ἱερὸν
1003 1856 1389 1925 στασιασταὶ
1415 1860 1722 1944 φανερῶς
1740 1849 1803 1923 τ’
1833 1848 1958 1923 οὐκ
1988 1849 2170 1922 ἀνίε·
2206 1856 2249 1919 3

188 1980 321 2028 σαν
370 1954 529 2037 τούς
582 1958 690 2026 ἐπὶ
741 1963 880 2026 τῶν
928 1957 1252 2046 χωμάτων
1301 1954 1703 2047 στρατιώτας
1762 1954 2174 2046 ἀμυνόμενοι

187 2056 357 2131 καθ’
416 2056 701 2147 ἑκάστην
734 2056 1038 2150 ἡμέραν,
1090 2062 1205 2130 καὶ
1257 2068 1376 2131 τοῦ
1427 2063 1914 2151 προειρημένου
1965 2058 2204 2149 μηνὸς·

189 2159 448 2253 ἕβδόμῃ
481 2163 595 2231 καὶ
632 2163 847 2233 εἰκάδι
888 2162 1089 2234 δόλον
1124 2163 1648 2249 ἐνσκευάζονται.
1717 2170 1834 2252 τῆς
1859 2165 2173 2251 ἑσπερίου

98 2293 158 2334 ιο
193 2271 392 2347 στοᾶς
416 2264 489 2335 τὸ
520 2263 764 2354 μεταξὺ
803 2273 941 2336 τῶν
968 2271 1192 2337 δοκῶν
1216 2269 1327 2337 καὶ
1371 2274 1485 2356 τῆς
1513 2262 1630 2337 ὑπ’
1663 2263 1896 2349 αὐταῖς
1920 2262 2202 2355 ὀροφῆς

190 2365 363 2457 υλης
416 2364 916 2458 ἀναπιμπλᾶσιν
967 2397 1170 2459 αυης,
1230 2369 1397 2458 πρὸς
1450 2370 1525 2441 δὲ
1563 2366 1911 2460 ἀσφάλτου
1951 2396 2021 2439 τε
2059 2369 2176 2439 καὶ
2225 2416 2230 2422 -

195 2477 470 2560 πίσσης,
513 2478 736 2542 ἔπειτα
780 2497 870 2553 ως
911 2472 1485 2562 καταπονούμενοι
1513 2479 1728 2562 δῆθεν
1752 2470 2172 2570 υπεχώρουν.

196 2572 367 2662 πρὸς
417 2569 458 2643 ὸ
492 2581 629 2645 τῶν
669 2574 793 2663 μὲν
833 2572 1179 2646 ἀσκέπτων
1224 2577 1458 2646 πολλοὶ
1511 2590 1652 2657 ταῖς
1692 2573 1925 2665 ὁρμαῖς
1965 2571 2174 2662 φερό-

192 2704 385 2764 μενοι
413 2679 843 2767 προσέκειντο
870 2694 1005 2759 τοῖς
1034 2675 1537 2766 ὑποχωροῦσιν,
1577 2682 1694 2749 έπί
1724 2705 1795 2748 τε
1821 2675 1947 2765 τὴν
1971 2666 2177 2746 στοάν

102 2809 160 2850 25
194 2779 467 2868 ἐπήδων
493 2782 945 2870 προσθέμενοι
972 2789 1292 2870 κλίμακας
1310 2803 1324 2819 ·
1370 2785 1441 2850 οί
1464 2781 1540 2849 δὲ
1564 2779 2026 2869 συνετώτεροι,
2053 2773 2178 2864 τὴν

194 2879 447 2971 ἄλογον
485 2881 741 2971 τροπὴν
779 2890 915 2953 τῶν
963 2880 1307 2954 Ἰουδαίων
1347 2879 1871 2972 ὑπονοήσαντες,
1913 2886 2174 2968 ἔμενον.
2276 2901 2284 2917 ·

193 2984 626 3075 κατεπλήσθη
664 2987 888 3074 μέντοι
935 2993 1070 3056 τῶν
1107 2983 1679 3076 ἀναπηδησάντων
1726 2981 1770 3073 ἡ
1809 2981 2004 3069 στοά,
2047 2977 2176 3052 κάν

191 3087 414 3181 τούτω
443 3093 515 3157 os
525 3085 835 3160 Ἰουδαῖοι
862 3096 1084 3159 πᾶσαν
1120 3086 1630 3177 ὑποπιμπρᾶσιν
1666 3084 1900 3175 αὐτήν.
1984 3091 2174 3171 αἰρο-

194 3194 400 3281 μένης
428 3189 501 3261 δ’
531 3197 888 3281 αἰφνιδίως
915 3181 1259 3264 πάντοθεν
1284 3199 1399 3281 τῆς
1429 3189 1713 3280 φλογός,
1749 3187 1905 3271 τούς
1943 3215 2015 3257 τε
2052 3189 2176 3269 ἔξω

107 3324 163 3389 το
198 3299 322 3365 τοῦ
347 3294 679 3365 κινδύνου
696 3292 1053 3384 Ῥωμαίους
1080 3297 1387 3383 ἔκπληξις
1414 3296 1644 3383 ἐπέσχε
1668 3290 1856 3381 δεινη
1883 3293 1996 3362 καὶ
2023 3287 2179 3370 τοὺς
2235 3383 2244 3390 .

196 3399 716 3487 περισχεθέντας
742 3394 1090 3487 ἀμηχανία.
1138 3397 1587 3486 κυκλούμενοι
1613 3392 1681 3466 δ’
1703 3391 1839 3466 υπὸ
1866 3399 1981 3483 τῆς
2007 3400 2178 3481 φλο-

197 3499 317 3590 γὸς
343 3508 417 3572 οἳ
437 3500 561 3590 μὲν
589 3506 682 3585 είς
711 3497 836 3590 τὴν
865 3498 1063 3571 πόλιν
1090 3497 1306 3571 ὀπίσω
1334 3498 1849 3591 κατεκρήμνιζον
1877 3493 2177 3584 ἑαυτούς,
