2450 3875
368 124 488 188 142
1046 123 1694 185 ΑΡΧΑΙΟΛΟΓῙΑΣ

367 307 512 371 κῶν
536 297 921 388 γενομένων
937 292 1239 387 Ἡρώδης
1261 292 1300 367 6
1327 295 1690 387 τετράρχης
1724 300 2058 380 εἱστίασεν
2086 291 2358 384 αὐτούς,

368 400 537 474 κατὰ
562 403 768 490 μέσον
793 397 912 470 τὸν
936 399 1150 489 πόρον
1176 400 1468 489 σκηνίδα
1492 399 2026 489 ἐπισκηψάμενος
2051 405 2142 489 τςό
2173 398 2359 491 πόρῳ

372 511 726 592 πολυτελῆ.
814 505 930 573 καὶ
946 499 1352 593 Ἀρτάβανος
1389 499 1534 591 μετ’
1566 499 1649 572 οὑ
1677 501 1852 573 πολὺ
1879 504 2123 601 πέμπει
2161 509 2356 591 Τιβε-

373 616 499 702 ρίῳ
539 604 796 697 ὅμηρον
832 616 1131 696 Δαρεῖον
1167 604 1290 675 τὸν
1317 604 1465 675 υίόν
1495 602 1661 694 μετὰ
1693 612 1963 688 πολλῶν
1975 603 2258 693 «δώρων,
2289 607 2358 673 έν

371 706 473 793 οἷς
511 713 624 781 καὶ
665 706 882 798 ἄνδρα
919 707 1308 798 ἑπτάπηχυν
1332 706 1409 779 τὸ
1435 712 1755 798 μέγεθος,
1779 704 2110 778 Ἰουδαῖον
2135 705 2212 778 τὸ
2242 708 2349 797 γέ-

373 842 491 898 νος
509 811 893 901 Ἐλεάζαρον
921 808 1167 901 ὄνομα,
1209 807 1285 893 ὃς
1315 809 1429 881 διὰ
1468 809 1542 881 τὸ
1571 814 1861 900 μέγεθος
1896 818 2091 901 γίγας
2120 814 2359 882 ἐπεκα-

370 927 566 988 λεῖτο.
648 918 759 986 ἐπὶ
799 914 1060 998 τούτοις
1091 911 1435 995 ’διτέλλιος
1469 914 1597 1004 μὲν
1639 911 1750 986 ἐπ’
1787 910 2192 1003 Ἀντιοχείας
2235 910 2355 1004 ᾔει,

286 1072 311 1087 ς
365 1019 768 1111 Ἀρτάβανος
808 1018 884 1087 δὲ
920 1019 1031 1088 ἐπὶ
1079 1024 1197 1108 τῆς
1231 1024 1691 1107 Βαβυλωνίας.
1757 1013 2058 1107 Ἡρώδης
2086 1018 2167 1088 δὲ
2196 1024 2357 1106 βου-

374 1123 653 1212 λόμενος
694 1116 789 1190 δι’
832 1116 1045 1190 αὑτοῦ
1083 1120 1356 1211 πρώτου
1402 1122 1724 1210 γενέσθαι
1767 1119 2015 1190 πύστιν
2067 1127 2356 1206 Καίσαρι

377 1232 512 1297 τών
555 1222 830 1314 ὁμήρων
870 1230 987 1312 τῆς
1024 1223 1321 1317 λήψεως,
1372 1226 1693 1312 ἐκπέμπει
1731 1223 2355 1313 γραμματοφόρους,

374 1326 457 1399 τὰ
513 1328 732 1397 πάντα
785 1321 1079 1415 ἀκριβῶς
1130 1327 1393 1414 γράψας
1444 1332 1539 1407 είς
1581 1325 1938 1414 ἐπιστολὴν
1985 1328 2101 1396 καὶ
2154 1326 2356 1415 μηδὲν

374 1427 906 1517 ὑπολειπόμενος
942 1429 1053 1499 έπὶ
1092 1427 1378 1517 μηνύσει
1421 1435 1515 1523 τῷ
1551 1424 1876 1522 ὑπατικω.
1935 1426 2107 1518 πρὸς
2127 1424 2354 1500 ’διτελ-

282 1616 287 1619 Η
378 1540 531 1604 λίου
570 1532 657 1603 δὲ
687 1534 1244 1621 ἐπιπεμφθεισων
1281 1534 1686 1619 ἐπιστολων,
1728 1534 1988 1602 καὶτοῦ
2023 1538 2355 1649 Καίσαρος

377 1636 905 1725 ἐπισημήναντος
930 1633 1135 1724 uode,
1125 1631 1340 1704 αὑτὸν
1373 1631 1463 1715 ὡς
1488 1639 1660 1722 δῆλα
1687 1631 1871 1728 αὐτῷ
1906 1636 2174 1724 γένοιτο
2199 1632 2354 1724 πρό-

374 1766 573 1829 τερον
602 1737 848 1809 πύστιν
878 1738 1034 1827 περὶ
1061 1734 1294 1808 αὐτῶν
1310 1733 1618 1827 Ἡρώδου
1646 1736 2168 1827 προτεθεικότος
2187 1789 2208 1826 ,
2246 1764 2352 1806 τα-

270 1898 279 1917 ,
375 1843 653 1931 ραχθεὶς
692 1836 729 1910 ὁ
764 1837 1103 1922 ’διτέλλιος
1141 1839 1479 1929 μεγάλως,
1522 1841 1636 1910 καὶ
1673 1842 2095 1911 πεπονθέναι
2129 1870 2196 1911 τι
2219 1867 2354 1929 μει·

374 1947 581 2033 ζόνως
606 1974 649 2035 η
623 1940 1049 2034 “έπέπρακτο
1080 1940 1613 2034 ὑπολαμβάνων,
1649 1940 1904 2032 ἄδηλον
1939 1943 2065 2033 τὴν
2093 1943 2209 2015 ἐπ’
2240 1939 2352 2014 αὖ·

374 2065 514 2131 τοῖς
544 2056 876 2139 ἔκρυπτεν
904 2044 1150 2137 ὀργήν,
1190 2049 1386 2137 μέχρι
1424 2045 1512 2138 δὴ
1539 2049 1654 2118 καὶ
1678 2054 1975 2138 μετηλθε
2002 2053 2221 2119 Γαΐου
2245 2043 2354 2135 τὴν

275 2236 279 2240 ‚
375 2148 588 2244 ἀρχὴν
614 2149 1120 2240 παρειληφότος.

312 2276 349 2331 6
525 2253 676 2324 τότε
703 2252 780 2323 δὲ
804 2255 918 2322 καὶ
944 2259 1279 2335 Φίλιππος
1317 2249 1650 2344 (Ἡρώδου
1686 2244 1835 2326 δὲ
1789 2281 1876 2342 ην
1902 2249 2230 2343 ἀδελφός)
2253 2279 2348 2322 τε·

361 2363 584 2449 λευτᾷ
610 2354 729 2426 τὸν
753 2363 930 2445 βίον,
959 2362 1239 2450 είκοστω
1266 2357 1392 2445 μὲν
1421 2360 1709 2452 ἐνιαυτῷ
1739 2363 1858 2447 τῆς
1892 2364 2216 2446 Τιβερίου
2243 2352 2350 2448 άρ-

318 2468 516 2551 χῆς,
544 2456 959 2552 ἡγησάμενος
985 2459 1063 2529 δὲ
1088 2456 1294 2541 αὐτὸς
1321 2459 1485 2530 ἑπτὰ
1512 2462 1625 2530 καὶ
1652 2460 2008 2549 τριάκοντα
2036 2466 2157 2549 τῆς
2192 2467 2349 2548 Τρα-

377 2567 725 2653 χωνίτιδος
750 2563 864 2631 καὶ
888 2568 1378 2654 Γαυλανίτιδος
1402 2564 1518 2632 καὶ
1548 2570 1670 2633 τοῦ
1695 2569 2092 2633 Βαταναίων
2122 2570 2351 2640 ἔθνους

380 2663 548 2756 πρὸς
572 2662 821 2753 αὐτοῖς,
848 2666 1122 2756 μέτριον
1149 2665 1226 2736 δὲ
1253 2669 1330 2735 ἐν
1356 2656 1530 2748 οἷς
1483 2693 1647 2755 ηρχε
1674 2689 2038 2756 παρασχων
2062 2665 2186 2736 τὸν
2211 2661 2349 2754 τρό-

381 2797 511 2841 πον
536 2771 652 2838 καὶ
678 2765 1096 2859 ἀπράγμονα.
1178 2773 1449 2838 δίαιταν
1488 2767 1613 2896 μὲν
1640 2768 1768 2859 γὰρ
1796 2767 1872 2839 τὸ
1903 2775 2040 2839 πᾶν
2066 2771 2145 2839 έν
2171 2775 2248 2858 τῇ
2273 2770 2374 2854 ri*

380 2878 464 2965 τῇ
491 2868 810 2943 ὑποτελεῖ
832 2875 1156 2941 ἐποιεῖτο·
1209 2870 1494 2960 πρόοδοι
1534 2868 1603 2941 δ’
1646 2863 1821 2962 ἦσαν
1855 2868 2038 2962 αὐτῷ
2065 2870 2198 2941 σὺν
2219 2867 2348 2941 ὀλί-

381 3003 530 3066 γοις
556 2982 694 3045 τῶν
721 2975 1108 3061 ἐπιλέκτων,
1133 2974 1250 3043 καὶ
1277 2980 1401 3044 τοῦ
1428 2973 1688 3064 θρόνου
1730 2980 1825 3056 εἰς
1854 2969 1934 3045 ὃν
1960 2981 2216 3064 κρίνειε
2239 2999 2346 3041 κα-

379 3078 735 3167 θιξόμενος
760 3080 845 3148 έν
868 3092 1012 3159 ταῖς
1038 3072 1222 3158 ὁδοῖς
1249 3077 1583 3166 ἑπομένου
1601 3128 1622 3165 ,
1665 3073 1867 3148 ὁπότε
1904 3105 2005 3158 τις
2035 3072 2343 3147 ὑπαντιά-

383 3200 505 3261 σας
534 3183 609 3249 έν
640 3185 832 3274 χρεία
867 3182 1131 3269 γένοιτο
1170 3175 1357 3273 αὐτῷ
1383 3183 1814 3270 ἐπιβοηθεῖν,
1842 3176 2050 3260 οὐδὲν
2077 3186 2172 3261 είς
2195 3175 2344 3254 ἅνα-

384 3280 587 3371 βολὰς
623 3279 772 3351 ἀλλ’
816 3286 889 3353 ἐκ
927 3289 1052 3354 τοῦ
1083 3278 1269 3365 ὀξέος
1312 3283 1637 3373 ἱδρύσεως
1675 3289 1800 3355 τοῦ
1851 3281 2116 3373 θρόνου
2153 3272 2198 3373 ᾗ
2245 3278 2375 3350 nul:

385 3382 576 3469 τύχοι
624 3386 988 3473 γενομένης
1034 3385 1472 3474 καθιξόμενος
1511 3383 1839 3477 ἠκροᾶτο,
1896 3387 2012 3456 καὶ
2050 3388 2343 3475 τιμωρίας

387 3510 460 3552 τε
486 3487 760 3571 ἐπετίμα
787 3499 925 3566 τοῖς
949 3482 1189 3558 ἁλοῦσι
1214 3490 1330 3559 καὶ
1348 3485 1538 3579 ἠφίει
1563 3486 1725 3572 τοὺς
1751 3486 1999 3572 ἀδίκως
2026 3492 2103 3561 ἐν
2128 3480 2342 3577 ἐγκλή-
