2450 3875
822 155 1114 239 ᾼοΓοΣ
1155 155 1594 217 muros
2116 105 2201 220 '3⁵

204 341 348 408 τοῖς
391 353 465 397 τε
503 322 849 409 Ἰουδαίοις
886 333 1143 410 πένθος
1184 330 1296 398 καὶ
1334 327 1560 417 λύπην
1596 342 1735 407 τοῖς
1776 344 2201 413 στασιασταῖς

202 426 591 554 ἀπολιπιέἱν·
662 431 775 500 καὶ
819 429 948 520 γάρ
988 430 1159 502 κατά
1196 458 1270 501 τε
1296 445 1500 520 ,χεῖρα
1553 431 1669 501 καὶ
1723 434 1992 503 συνέσει
2046 434 2193 503 διά-

202 551 416 621 σημος
455 560 562 622 ην·

356 640 440 727 τῇ
468 636 544 706 δὲ
570 636 847 725 ἐπιούσῃ
888 637 1084 706 νυκτὶ
1119 635 1371 726 ταραχὴ
1397 638 1511 707 καὶ
1549 653 1688 718 τοῖς
1706 632 2040 726 Ῥωμαίοις
2077 641 2191 728 ἐμ·
2222 644 2262 710 7

142 769 169 808 s
204 742 437 807 πίπτει
466 739 861 829 παράλογος.
914 744 1038 809 τοῦ
1071 736 1200 828 γὰρ
1236 746 1438 810 Τίτου
1464 741 1764 832 πύργους
1786 755 1965 830 τρεῖς
1989 767 2190 812 κατα-

200 840 532 912 σκευάσαι
574 841 1014 923 κελεύσαντος
1060 844 1742 933 πεντηκονταπήχεις,
1780 840 1877 913 ἵν’
1911 842 2194 918 ἑκάστου

126 975 143 994 1
199 940 501 1032 χώματος
547 944 900 1035 ἐπιστήσας
936 942 1067 1015 ἀπὸ
1104 944 1365 1015 τούτων
1404 943 1560 1027 τούς
1621 947 1732 1017 ἐπὶ
1772 950 1894 1016 τοῦ
1932 954 2192 1036 τείχους

196 1049 509 1135 τρέποιτο
523 1099 542 1135 ,
585 1051 838 1137 συνέβη
878 1063 1111 1119 πεσεῖν
1135 1044 1523 1137 αὐτομάτως
1548 1051 1670 1120 ἕνα
1695 1049 1898 1136 μέσης
1923 1049 2187 1131 νυκτός.

196 1155 517 1236 μεγίστου
561 1148 623 1220 δ’
667 1148 993 1240 ἀρθέντος
1031 1149 1262 1238 ψόφου
1302 1153 1451 1233 δέος
1492 1154 1802 1239 ἐμπίπτει
1851 1157 1948 1245 τῷ
1986 1172 2186 1242 στρα-

115 1284 165 1324 w
198 1256 294 1343 τῷ
310 1304 329 1338 ,
375 1255 488 1323 καὶ
514 1251 670 1334 τούς
709 1260 1068 1343 πολεμίους
1113 1257 1477 1343 ἐπιχειρεῖν
1510 1263 1703 1344 σφίσι
1735 1252 2044 1338 δόξαντες
2077 1257 2188 1325 ἐπὶ

199 1351 281 1422 τὰ
324 1351 497 1426 ὅπλα
540 1356 781 1438 πάντες
825 1362 1047 1428 ἔθεον.
1117 1354 1386 1447 ταραχὴ
1407 1358 1483 1427 δὲ
1511 1362 1650 1429 τῶν
1679 1356 2033 1446 ταγμάτων
2072 1359 2186 1429 καὶ

195 1456 499 1547 θόρυβος
525 1450 611 1548 ἦν
626 1510 645 1546 ,
684 1460 798 1529 καὶ
822 1457 896 1529 τὸ
926 1457 1195 1549 συμβὰν
1219 1457 1500 1542 οὐδενὸς
1539 1466 1758 1531 εἰπεῖν
1784 1467 2046 1549 ἔχοντος
2072 1462 2184 1532 ἐπὶ

196 1568 516 1632 πλεῖστον
550 1559 1001 1653 ἀπορούμενοι
1041 1563 1467 1652 διεφέροντο,
1510 1561 1797 1651 μηδενός
1834 1589 1908 1633 τε
1938 1592 2179 1651 φαινο-

193 1666 407 1751 μένου
449 1672 771 1754 πολεμίου
815 1662 908 1735 δι’
943 1661 1253 1754 ἀλλήλων
1295 1666 1691 1752 ἐπτοοῦντο,
1743 1667 1860 1735 καὶ
1896 1664 1972 1736 τὰ
2013 1665 2178 1737 σύν-

114 1797 161 1838 ιι
192 1775 385 1854 θημα
412 1766 579 1856 μετὰ
606 1773 903 1857 σπουδῆς
941 1770 1215 1848 ἕκαστος
1253 1765 1373 1838 τὸν
1400 1774 1684 1855 πλησίον
1721 1767 2031 1857 ἐπηρώτα
2056 1797 2175 1839 κα-

192 1865 423 1961 θάπερ
445 1867 790 1942 Ἰουδαίων
819 1869 1287 1962 ἐμβεβηκότων
1321 1875 1416 1952 είς
1449 1867 1530 1940 τά
1556 1869 1991 1961 στρατόπεδα.
2044 1897 2172 1942 πα-

192 1978 366 2066 νικῷ
388 2001 460 2044 τε
482 1980 741 2063 δείματι
767 1977 1250 2064 κυκλουμένοις
1276 1973 1730 2067 παρεῴκεσαν,
1755 1970 1907 2063 ἄχρι
1932 1971 2175 2062 μαθων

190 2075 266 2145 τό
292 2075 562 2165 συμβὰν
603 2085 790 2159 Τίτος
820 2072 1261 2166 ’διαγγέλλειν
1295 2078 1603 2148 ἐκέλευσε
1633 2081 1795 2147 πάσι
1834 2078 1946 2147 καὶ
1986 2075 2176 2166 μόλις

190 2179 567 2250 ἐπαύσαντο
603 2186 717 2271 τῆς
745 2186 1050 2271 ταραχῆς.

105 2308 157 2348 20
342 2278 707 2365 Ἰουδαίους
744 2311 823 2372 γε
860 2281 995 2375 μὴν
1035 2280 1200 2373 πρὸς
1245 2282 1326 2355 τὰ
1361 2281 1561 2354 λοιπὰ
1599 2288 1937 2374 καρτερῶς
1976 2280 2169 2355 ἀντέ-
2207 2306 2243 2359 2

187 2412 426 2471 χοντας
451 2384 800 2457 ἐκάκωσαν
823 2393 892 2457 οἱ
913 2386 1160 2477 πύργοι
1175 2407 1191 2423 ·
1236 2390 1349 2458 καὶ
1374 2384 1503 2478 γάρ
1528 2392 1667 2459 τῶν
1695 2384 2006 2477 ὀργάνων
2035 2402 2174 2469 τοῖς

188 2491 624 2576 κουφοτέροις
664 2485 782 2559 ἀπ’
814 2487 1039 2561 αὐτῶν
1069 2488 1428 2578 ἐβάλλοντο
1453 2491 1568 2559 καὶ
1592 2504 1729 2571 τοῖς
1754 2487 2174 2571 ἀκοντισταῖς

187 2590 301 2658 καὶ
348 2590 642 2674 τοξόταις
687 2593 798 2662 καὶ
840 2590 1242 2681 λιθοβόλοις.
1345 2591 1501 2665 οὔτε
1547 2594 1623 2663 δὲ
1670 2591 1928 2663 τούτων
1979 2588 2172 2663 αὐτοὶ

188 2690 302 2762 διά
318 2691 395 2763 τὸ
422 2691 593 2780 ὕψος
618 2697 1040 2784 ἐφικνοῦντο,
1068 2698 1181 2765 καὶ
1209 2694 1367 2777 τούς
1393 2695 1692 2785 πύργους
1715 2687 1804 2786 ἦν
1827 2692 2171 2786 ἀμήχανον

101 2828 151 2868 25
191 2797 371 2866 ἑλεῖν
385 2848 406 2883 ,
465 2797 632 2888 μήτε
673 2795 1134 2889 ἀνατραπῆναι
1174 2802 1426 2893 ῥαδίως
1465 2796 1580 2869 δια
1618 2796 1692 2869 τὰ
1734 2806 1974 2889 βρῖθος
2011 2794 2164 2887 μήτ’

184 2902 673 2990 ἐμπρησθῆναι
682 2899 796 2971 διὰ
816 2901 938 2973 τὸν
966 2907 1249 3028 σίδηρον
1285 2905 1741 2993 δυναμένους,
1787 2929 1841 2971 ω
1884 2926 2166 2972 κατεκα-

181 3001 538 3073 λύπτοντο.
621 3003 1018 3095 τρεπόμενοι
1053 3001 1122 3075 δ’
1154 3008 1451 3096 ἐξωτέρω
1476 3007 1716 3093 βέλους
1740 3000 1963 3076 οὐκέτ’
1997 3002 2165 3074 ἐκω’-

180 3114 353 3174 λυον
375 3131 517 3176 των
553 3133 768 3196 κριων
792 3134 909 3189 τας
941 3105 1257 3197 ἐμβολάς,
1302 3115 1370 3179 οἳ
1390 3104 1833 3189 ἀδιαλείπτως
1858 3113 2170 3187 παίοντες

179 3205 399 3297 ἤνυον
421 3207 569 3278 κατ’
600 3207 851 3298 ὀλίγον.
919 3207 1050 3300 ἤδη
1077 3210 1155 3281 δὲ
1179 3215 1275 3306 τῷ
1300 3218 1568 3282 Νίκωνι
1602 3214 1723 3282 τοῦ
1749 3218 2012 3300 τείχους
2054 3211 2162 3280 ἐν·

96 3336 145 3376 so
184 3308 494 3392 διδόντος
569 3317 597 3399 (
608 3310 798 3384 αὐτοὶ
863 3311 994 3404 γὰρ
1043 3318 1240 3384 τοῦτο
1291 3310 1601 3385 Ἰουδαῖοι
1656 3311 1781 3403 τὴν
1845 3319 2176 3402 μεγίστην

180 3413 509 3485 ἐκάλεσαν
537 3412 876 3507 Ῥωμαίων
928 3418 1237 3488 ἑλέπολιν
1286 3413 1418 3488 ἀπὸ
1473 3422 1594 3487 τοῦ
1645 3415 1859 3486 πάντα
1912 3417 2164 3499 νικᾶν),

180 3513 572 3608 ἀπέκαμνον
609 3519 739 3610 μὲν
773 3517 979 3591 πάλαι
1017 3520 1182 3613 πρός
1221 3546 1296 3591 τε
1333 3517 1452 3603 τὰς
1487 3518 1695 3609 μάχας
1733 3517 1849 3587 καὶ
1886 3513 2001 3599 τὰς
2027 3540 2160 3605 φν-

1759 3631 1797 3693 3
1817 3632 1851 3667 ss
