2450 3875
779 189 1074 251 ΛΟΙὈΣ
1110 187 1549 250 ΤΕΤΑΡΤΟΣ
2005 184 2126 249 323

283 356 354 420 οἳ
384 353 458 420 δὲ
472 349 616 439 ’ἤδη
665 351 1210 438 διαμεμισηκότες
1250 347 1325 419 τὸ
1368 349 1693 437 φονεύειν
1737 346 1986 436 ἀνέδην
2029 352 2125 416 εί-
2166 372 2202 426 4

112 450 499 537 ρωνεύοντο
547 452 940 539 δικαστήρια
979 454 1093 520 καὶ
1143 455 1414 539 κρίσεις.
1488 451 1600 517 καὶ
1649 448 1732 535 δή
1787 474 1937 517 τινα
1989 454 2128 516 τῶν

111 548 663 635 ἐπιφανεστάτων
685 547 1077 619 ἀποκτεῖναι
1114 550 1558 637 προθέμενοι,
1602 551 1937 633 Ζαχαρίαν
1978 549 2131 615 υἱόν

109 647 470 733 Βαρούχου
516 648 898 737 (παρώξυνε
935 643 999 714 δ’
1028 644 1279 727 αύτούς
1316 644 1391 714 τὸ
1423 650 1575 715 λίαν
1614 643 1903 732 τάνδρὸς
1934 665 2129 731 μισο-

49 774 78 815 ε
112 743 421 833 πόνηρον
457 746 568 813 καὶ
605 744 1127 833 φιλελεύθερον·
1171 737 1260 831 ἦν
1301 745 1376 811 δὲ
1411 746 1523 811 καὶ
1565 742 1919 829 πλούσιος,
1959 738 2132 809 ὥστε

109 843 203 930 μὴ
243 842 460 930 μόνον
505 845 792 925 ἐλπίζειν
832 841 960 930 τὴν
996 839 1306 930 ἁρπαγὴν
1339 848 1457 929 τῆς
1498 839 1762 928 οὐσίας,
1809 837 1976 909 ἀλλὰ
2020 843 2133 909 καὶ

115 941 869 1029 προσαποσκευάζεσθαι
894 940 1192 1011 δυνατὸν
1235 938 1608 1028 ἄνθρωπον
1632 946 1724 1021 είς
1742 939 1867 1028 τὴν
1904 936 2132 1008 αὐτῶν

114 1044 552 1132 κατάλυσιν),
604 1048 1058 1128 συνκαλοῦσιν
1096 1044 1163 1124 ἐξ
1208 1042 1645 1128 ἐπιτάγματος
1676 1039 2134 1130 ἑβδομήκοντα

112 1147 255 1209 τῶν
292 1141 367 1207 ἐν
396 1142 579 1208 -τέλει
624 1143 935 1226 δημοτῶν
976 1144 1069 1220 είς
1105 1145 1321 1227 σχῆμα
1365 1143 1699 1208 δικαστῶν
1734 1144 1985 1225 ἔρημον
2026 1139 2132 1218 ἐξ-

26 1259 81 1299 10
118 1246 378 1319 ουσίας·
422 1241 535 1306 καὶ
577 1244 703 1306 τοῦ
743 1245 1078 1325 Ζαχαρίου
1118 1237 1546 1326 κατηγόρουν
1583 1236 1671 1319 ὥς
1712 1239 2007 1323 ἐνδιδοίη
2051 1233 2133 1303 τά

116 1340 469 1426 πράγματα
508 1335 847 1424 Ῥωμαίοις
903 1338 1016 1406 καὶ
1071 1341 1225 1427 περὶ
1279 1343 1642 1422 προδοσίας
1689 1339 2129 1424 διαπέμψαιτο

114 1435 287 1522 πρὸς
318 1434 805 1506 ᾝεσπασιανόν.
893 1430 982 1522 ἦν
1023 1439 1096 1505 δὲ
1140 1434 1300 1505 οὔτε
1326 1438 1593 1523 ἔλεγχός
1613 1462 1714 1516 τις
1749 1444 1884 1504 τῶν
1921 1461 2126 1521 κατη-

114 1539 555 1624 γορουμένων
592 1533 753 1604 οὔτε
790 1536 1182 1624 τεκμήριον,
1224 1534 1362 1604 ἀλλ’
1385 1535 1578 1604 αὐτοὶ
1606 1544 1965 1604 πεπεῖσθαι
2010 1560 2132 1601 κα·-

113 1642 250 1715 λῶς
296 1638 591 1720 ἔφασαν,
648 1633 759 1701 καὶ
813 1632 1001 1701 τοῦτ’
1048 1631 1219 1702 εἶναι
1265 1639 1488 1701 πίστιν
1529 1640 1648 1719 τῆς
1691 1632 2012 1719 ἀληθείας
2053 1630 2134 1717 ἠ-

26 1754 78 1795 ¹5
113 1740 329 1816 ξίουν.
436 1729 478 1801 ὅ
529 1758 606 1817 γε
659 1729 794 1818 μὴν
829 1738 1158 1819 Ζαχαρίας
1212 1730 1516 1802 συνιδών
1571 1738 1899 1819 μηδεμίαν
1952 1728 2139 1819 αὐτῷ

108 1834 688 1918 καταλειπομένην
723 1836 1054 1916 σωτηρίας
1098 1832 1334 1899 ἐλπίδα
1381 1835 1779 1915 (κεκλῆσθαι
1821 1829 1950 1913 γὰρ
1995 1823 2133 1894 κατ’

108 1934 403 2013 ἐνέδραν
441 1934 533 2010 είς
575 1927 879 2017 εἱρκτήν,
924 1927 1055 1998 ούκ
1091 1931 1199 1998 ἐπὶ
1239 1929 1735 2017 δικαστήριον),
1780 1927 2135 2012 ἐποιήσατο

108 2028 244 2115 τὴν
288 2034 413 2096 τού
456 2033 572 2114 ζῆν
612 2025 1000 2113 ἀπόγνωσιν
1038 2027 1164 2096 οὐκ
1207 2025 1783 2115 ἀπαρρησίαστον,
1821 2023 1993 2093 ἀλλά
2015 2050 2139 2092 κα·-
2247 2018 2252 2025 ’

109 2128 362 2208 ταστάς
382 2125 457 2196 τὸ
480 2127 604 2213 μὲν
622 2127 923 2196 πνθανὸν
943 2133 1083 2195 τῶν
1104 2129 1708 2214 κατηγορουμένων
1729 2122 2136 2215 διεχλεύασε,

25 2258 77 2299 2⁰
111 2233 232 2299 καὶ
276 2226 391 2295 διὰ
434 2228 736 2315 βραχέων
791 2226 1170 2295 ἀπελύσατο
1215 2223 1334 2306 τάς
1380 2226 1865 2311 ἐπιφερομένας
1902 2227 2137 2307 αἰτίας,

113 2324 265 2395 εἶτα
320 2326 394 2394 δὲ
453 2323 574 2392 τὸν
638 2323 846 2411 λόγον
903 2330 996 2406 είς
1041 2323 1201 2405 τοὺς
1244 2324 1662 2410 κατηγόρους
1716 2321 2138 2408 ἀποστρέψας

112 2429 269 2512 ἑξῆς
304 2422 519 2505 πάσας
561 2421 791 2493 αὐτῶν
831 2428 1075 2514 διεξῄει
1120 2424 1237 2505 τὰς
1281 2429 1732 2513 παρανομίας,
1776 2427 1887 2491 καὶ
1924 2418 2140 2491 πολλὰ

114 2526 279 2612 περὶ
330 2529 446 2609 τῆς
501 2523 886 2610 συγχύσεως
940 2523 1466 2610 κατωλοφύρατο
1526 2529 1663 2590 τῶν
1707 2519 2135 2609 πραγμάτων.

115 2626 198 2693 οἰ
247 2625 521 2709 ζηλωταὶ
576 2623 650 2689 δὲ
700 2621 1092 2711 ἐθορύβουν
1132 2624 1246 2690 καὶ
1292 2622 1485 2708 μόλις
1527 2646 1664 2689 των
1705 2623 1924 2706 ξιφων
1974 2614 2141 2685 ἀπε-

25 2760 79 2801 25
120 2719 456 2807 κράτουν,
499 2717 575 2788 τὰ
613 2724 830 2807 σχῆμα
851 2724 961 2789 καὶ
1004 2719 1127 2807 τὴν
1149 2725 1497 2806 εἰρωνείαν
1542 2725 1665 2787 τοῦ
1708 2720 2140 2833 δικαστηρίου

114 2819 314 2908 με’χρι
357 2820 589 2899 τέλους
622 2824 846 2901 παῖξαι
883 2819 1446 2906 προαιρούμενοι,
1489 2818 1600 2886 καὶ
1642 2814 1859 2897 ἄλλως
1906 2812 2142 2900 πειρά-

117 2939 238 2989 σαι
278 2920 599 2999 θέλοντες
637 2917 797 2999 τοὺς
837 2918 1151 2998 δικαστάς
1169 2970 1188 3005 ,
1237 2923 1299 2987 εἰ
1335 2914 1516 3003 παρὰ
1559 2914 1680 2983 τὸν
1724 2912 1951 2982 αὑτων
1993 2918 2144 2980 κίν-

116 3022 343 3087 δυνον
384 3017 891 3104 μνησθήσονται
927 3022 1053 3085 τοῦ
1094 3020 1381 3084 δικαίου.
1426 3018 1712 3102 φέρουσι
1750 3011 1814 3078 δ’
1854 3014 1923 3079 οἱ
1948 3012 2145 3126 ἑβδο-

114 3112 425 3205 μήκοντα
457 3140 549 3206 τφ
572 3117 946 3205 κρινομένῳ
978 3112 1097 3194 τὰς
1119 3113 1395 3201 ψήφους
1417 3107 1841 3193 ἀπολύσεως,
1873 3107 1984 3175 καὶ
2014 3105 2147 3174 σὺν

25 3242 79 3283 ³⁰
120 3210 316 3283 αύτω
357 3218 753 3300 προείλοντο
801 3212 1133 3284 τεθνάναι
1175 3217 1434 3298 μᾶλλον
1485 3204 1529 3296 ἢ
1582 3212 1702 3294 τῆς
1743 3207 2149 3294 ἀναιρέσεως

117 3308 347 3381 αὐτοῦ
376 3318 609 3399 λαβεῖν
641 3308 765 3399 τὴν
804 3309 1206 3399 ἐπιγραφήν.
1295 3306 1477 3396 ηρθη
1507 3310 1581 3376 δὲ
1624 3303 1750 3396 βοη
1774 3331 1913 3374 των
1942 3308 2150 3391 ζηλω-

119 3437 269 3482 των
313 3407 480 3498 πρὸς
532 3410 659 3496 τὴν
702 3407 1075 3499 ἀπόλυσιν,
1132 3412 1245 3480 καὶ
1286 3408 1562 3479 πάντων
1600 3405 1726 3495 μὲν
1766 3396 1853 3492 ἦν
1896 3403 2150 3491 ἀγανά-

1709 3513 1782 3576 21
1804 3513 1837 3555 *
