2450 3875
261 151 341 215 82
699 151 862 214 TOT-
897 149 1373 212 ΙΟΥΔΑΙΚΟΤ
1412 149 1848 213 ΠΟΛΕΜΟΥ

264 320 428 414 δρας
461 339 535 384 τε
563 314 675 383 καὶ
718 310 917 393 στοὰς
949 311 1064 381 καὶ
1082 310 1295 392 ναούς
1329 313 1441 380 καὶ
1471 307 1724 400 ἀγορὰς
1744 316 2031 403 Βηρυτῷ
2060 337 2277 381 κατα-

260 413 594 495 σκευάσας
625 414 737 482 καὶ
761 411 962 503 Τύρῳ
977 463 997 500 ,
1039 414 1307 480 Σιδῶνί
1332 436 1409 498 γε
1428 410 1564 499 μὴν
1596 412 1711 479 καὶ
1731 417 2075 503 Δαμασκῷ
2098 414 2275 480 θέα-

259 539 415 602 τρα,
458 517 869 584 Λαοδικεῦσι
904 512 979 578 δὲ
1014 522 1155 590 τοῖς
1185 515 1537 596 παραλίοις
1558 506 1830 578 ὑδάτων
1865 510 2277 598 εἰσαγωγήν,

252 610 771 691 Ἀσκαλωνίταις
796 610 871 678 δὲ
893 616 1216 698 βαλανεῖα
1246 611 1359 677 καὶ
1378 607 1632 696 κρήνας
1664 616 2072 696 πολυτελεῖς,
2099 608 2276 696 πρός

259 712 334 780 δὲ
361 716 727 797 περίστυλα
745 704 1105 794 θαυμαστὰ
1120 705 1249 794 τήν
1269 733 1341 775 τε
1358 709 1681 794 ἐργασίαν
1706 711 1820 777 καὶ
1845 706 1920 777 τό
1947 710 2238 796 μέγεθος
2252 734 2271 749 ·
2300 730 2333 772 ε

261 810 387 878 εἰσὶ
416 811 492 878 δὲ
526 802 626 888 οἷς
654 804 826 893 ἄλση
847 806 960 875 καὶ
987 812 1318 894 λειμῶνας
1339 801 1699 892 ἀνέθηκεν.
1745 808 1987 876 πολλαὶ
2024 807 2099 875 δὲ
2140 806 2277 874 πό-

259 917 428 996 λεις,
468 907 695 993 ὥσπερ
727 904 1048 974 κοινωνοὶ
1080 910 1199 992 τῆς
1219 911 1591 993 βασιλείας,
1630 910 1741 975 καὶ
1774 906 2001 993 χώραν
2023 913 2276 994 ἔλαβον

259 1004 422 1096 παρ’
464 1004 711 1075 αὐτοῦ·
753 1007 1282 1100 γυμνασιαρχίας
1312 1004 1386 1072 δὲ
1426 999 1633 1085 ἄλλας
1663 1005 2036 1093 ἐπετησίοις
2058 1029 2132 1073 τε
2158 1006 2274 1076 καὶ

259 1109 640 1193 διηνεκέσιν
706 1101 1091 1191 ἐδωρήσατο
1159 1102 1524 1190 προσόδοις
1587 1105 1983 1193 κατατάξας,
2042 1102 2274 1190 ωσπερ

257 1205 578 1300 Κῴοις,“
548 1231 659 1273 ινα
708 1204 1037 1291 μηδέποτε
1067 1203 1340 1291 ἐκλείπῃ
1389 1201 1468 1271 τὸ
1496 1204 1713 1289 γέρας.
1793 1202 1984 1273 σῖτόν
2020 1229 2099 1291 γε
2132 1203 2273 1292 μὴν
2309 1227 2365 1268 ιο

259 1313 469 1376 πᾶσιν
508 1301 871 1392 ἐχορήγησε
904 1313 1043 1382 τοῖς
1070 1303 1447 1389 δεομένοις,
1492 1302 1604 1369 καὶ
1633 1308 1714 1391 τῇ
1736 1299 1941 1394 Ῥόδῳ
1966 1304 2277 1392 χρήματα

258 1407 384 1494 μὲν
401 1409 493 1485 εἰς
513 1407 843 1473 ναυτικοῦ
865 1400 1289 1488 κατασκευὴν
1298 1401 1586 1489 παρέσχε
1609 1409 1949 1489 πολλαχοῦ
1968 1408 2080 1472 καὶ
2103 1412 2275 1474 πολ-

259 1505 478 1591 λάκις,
510 1500 902 1590 ἐμπρησθὲν
924 1501 998 1569 δὲ
1025 1524 1101 1567 το
1080 1498 1394 1568 Πύθιον
1417 1504 1612 1581 ἰδίοις
1633 1499 2124 1589 ἀναλόμασιν”
2079 1529 2278 1590 αμει-

173 1687 184 1692 ‚
260 1628 389 1671 νον
409 1598 823 1686 ἀνεδείματο.
867 1602 937 1665 τί
953 1601 1058 1665 δεῖ
1083 1599 1308 1684 λέγειν
1337 1599 1455 1680 τὰς
1478 1604 1571 1680 εἰς
1581 1608 1878 1682 Λυκίους
1901 1597 1945 1689 ἢ
1966 1608 2277 1690 Σαμίους

262 1699 553 1790 δωρεάς,
597 1694 640 1787 ἢ
673 1696 800 1786 τὴν
840 1692 934 1765 δι’
969 1694 1130 1784 ὅλης
1159 1704 1278 1784 τῆς
1303 1696 1570 1786 Ἰωνίας,
1616 1701 1693 1767 ἐν
1737 1693 1841 1780 οἷς
1886 1700 2273 1788 ἐδεήθησαν
2315 1713 2371 1756 ¹⁸

261 1803 565 1889 ἕκαστοι,
599 1803 1002 1881 δαψίλειαν,
985 1825 1001 1841 ·
1048 1793 1198 1864 ἀλλ’
1234 1794 1580 1883 Ἀθηναῖοι
1607 1800 1720 1867 καὶ
1748 1800 2274 1887 Λακεδαιμόνιοι

259 1903 709 1973 Νικοπολῖταί
739 1922 813 1967 τε
847 1895 960 1966 καὶ
991 1890 1067 1964 τὸ
1101 1892 1271 1964 κατὰ
1302 1901 1578 1966 Μυσίαν
1603 1899 1969 1985 Πέργαμον
2002 1896 2087 1968 οὐ
2130 1904 2279 1968 τῶν

253 2000 562 2090 Ηρόδου
586 1998 912 2085 γέμουσιν
933 1989 1431 2081 ἀναθημάτωνς
1475 1994 1600 2082 τὴν
1623 1995 1696 2064 δὲ
1714 1993 2105 2083 Ἀντιοχέων
2130 2003 2280 2066 τῶν

261 2104 337 2173 ἐν
358 2102 583 2188 Συρία
604 2103 922 2166 πλατεῖαν
944 2088 1030 2162 ού
1054 2090 1361 2180 φευκτὴν
1379 2084 1595 2162 οὖσαν
1615 2091 1752 2163 ὑπὸ
1778 2096 2123 2184 βορβόρου
2145 2123 2277 2165 κα-

259 2200 591 2288 τέστρωσέ
606 2219 701 2282 τε,
723 2196 1014 2262 σταδίων
1038 2199 1252 2261 εἴκοσι
1273 2190 1348 2261 τὸ
1374 2198 1584 2279 μῆκος
1605 2184 1841 2281 οὖσαν,
1878 2199 2074 2285 ξεστῇ
2095 2221 2273 2283 μαρ-
2308 2225 2375 2268 20

263 2299 487 2388 μάρω,
513 2295 624 2363 καὶ
655 2290 827 2381 πρὸς
852 2291 971 2372 τὰς
994 2285 1216 2359 ὑετων
1246 2287 1607 2378 ἀποφυγὰς
1638 2288 2011 2380 ἐκόσμησεν
2033 2294 2279 2381 ἰσομή-

260 2421 367 2466 κει
384 2398 585 2484 στοᾷς

163 2514 232 2569 12
434 2500 644 2564 ταῦτα
674 2488 873 2580 ‘dv’
829 2518 918 2560 αν
945 2515 1047 2571 τις
1071 2498 1249 2559 εἴποι
1293 2494 1434 2559 ἴδια
1457 2516 1597 2560 των
1633 2484 1714 2563 εὖ
1747 2490 2116 2561 παθόντων
2148 2491 2279 2579 δή-

263 2622 413 2685 μων
441 2593 726 2664 ἑκάστου
745 2617 759 2633 ·
805 2591 881 2659 τὸ
920 2588 994 2659 δὲ
1026 2587 1305 2671 Ἠλείοις
1334 2589 1659 2677 χαρισθὲν
1680 2588 1767 2659 οὐ
1797 2593 2015 2678 μόνον
2034 2590 2280 2660 κοινὰν

261 2693 701 2784 τῆςἘλλάδος
734 2687 882 2760 ἀλλ’
910 2687 1072 2777 ὅλης
1107 2695 1226 2777 τῆς
1247 2691 1647 2778 οἰκουμένης
1668 2694 1914 2778 δῶρον,
1954 2694 2047 2772 είς
2091 2687 2180 2777 ἢν
2223 2687 2268 2777 ἡ
2306 2718 2361 2760 ετ

263 2798 426 2876 δόξα
454 2797 593 2861 ταῖν
616 2787 1055 2875 Ὀλυμπίασιν
1078 2787 1367 2874 ἀγώνων
1386 2793 1735 2858 διικνεῖται
1750 2815 1766 2832 ·
1812 2786 2100 2870 τούτους
2141 2788 2275 2879 γὰρ

264 2891 347 2982 δὴ
379 2893 921 2976 καταλυομένους
939 2883 1187 2975 ἀπορίᾳ
1206 2885 1562 2974 χρημάτων
1583 2885 1787 2977 ὀρῶν,
1822 2889 1935 2956 καὶ
1955 2888 2030 2956 τὸ
2055 2888 2277 2975 μόνον

263 2997 590 3072 λείψανον
609 2995 727 3076 τῆς
747 2984 1024 3074 ἀρχαίας
1036 2982 1347 3068 Ἑλλάδος
1366 2985 1728 3077 ὑπορρέον,
1753 2986 1839 3057 οὐ
1854 2990 2072 3075 μόνον
2092 2983 2279 3073 ἀγω-

262 3094 547 3178 νοθέτης
565 3080 648 3175 ἧς
672 3089 947 3174 ἐπέτυχε
967 3091 1479 3175 πενταετηρίδος
1502 3084 1858 3175 εἰςῬῶμκην
1869 3092 2278 3175 παραπλέων

265 3194 564 3278 ἐγένετο,
610 3185 780 3257 ἀλλὰ
821 3189 935 3256 καὶ
977 3184 1148 3274 πρὸς
1190 3183 1265 3255 τὸ
1297 3188 1600 3275 διηνεκὲς
1628 3186 1881 3275 πόρους
1912 3188 2277 3273 χρημάτων
2312 3216 2367 3259 a·

264 3288 648 3375 ὑπέδειξεν,
705 3282 797 3367 ὥς
844 3288 1175 3374 μηδέποτε
1215 3282 1788 3372 ἀγωνοθετοῦσαν
1828 3287 1954 3374 τὴν
2002 3287 2283 3374 μνήμην

270 3383 483 3487 αὐτοῦ
520 3388 873 3457 ἐπιλιπεῖν.
915 3380 1263 3473 ἀνήνυτον
1303 3381 1371 3454 δ’
1414 3379 1503 3453 ἂν
1530 3392 1634 3475 εἴη
1673 3390 1893 3473 χρεῶν
1926 3387 2280 3468 διαλύσεις
