2450 3875
344 95 468 158 272
1019 95 1667 158 ΑΡΧΔΙΟΛΟΓΙΑΣ

346 267 382 340 ὁ
437 268 517 339 δὲ
552 265 923 358 Αἰγύπτιος
961 264 1165 351 αὐτὸς
1211 252 1495 357 διαδρὰς
1535 270 1611 339 ἐκ
1663 275 1783 359 τῆς
1820 268 2032 359 μάχης
2068 265 2344 360 ἀφανὴς

343 374 658 461 ἐγένετο.
710 370 914 441 πάλιν
950 370 1028 441 δὲ
1075 376 1146 442 οἰ
1177 373 1413 462 λῃσταὶ
1450 369 1574 442 τὸν
1610 376 1829 462 δῆμον
1874 378 1969 454 εἰς
2004 369 2125 442 τὸν
2164 370 2339 461 πρὸς

335 471 695 564 Ρωμαίους
722 473 1016 563 πόλεμον
1045 470 1383 563 ἠρέθιζον,
1414 471 1503 563 μὴ
1531 471 1736 545 δεῖν“
1698 474 2083 545 υπακούειν
2098 472 2337 557 αὐτοῖς

342 579 684 666 λέγοντες,
712 578 828 646 καὶ
854 574 971 658 τὰς
1002 583 1140 647 τῶν
1178 574 1655 648 ἀπειθούντων
1692 576 1918 667 κώμας
1954 576 2335 673 ἐμπιπράν-

341 707 451 763 τες
476 678 860 771 διήρπαζον.
2369 705 2404 746 ο

213 852 224 865 ,
266 809 310 879 ,7
495 789 753 871 γίνεται
804 781 882 852 δὲ
934 784 1048 853 καὶ
1105 789 1241 852 τῶν
1293 782 1707 872 Καισάρειαν
1755 780 2126 853 οἰκούντων
2158 778 2331 853 Ἰου-

343 890 561 956 δαίων
587 883 815 965 στάσις
850 883 1019 973 πρὸς
1043 883 1202 968 τοὺς
1229 888 1305 955 ἐν
1331 882 1504 977 αὐτῇ
1542 884 1816 973 Σύρους
1842 887 1998 974 περὶ
2026 891 2328 955 ἰσοπολι-

340 997 539 1071 τείας.
607 991 678 1058 οἰ
710 986 836 1077 μὲν
873 985 1002 1076 γὰρ
1047 984 1359 1075 Ἰουδαῖοι
1399 987 1774 1076 πρωτεύειν
1816 984 2054 1077 ἠξίουν
2099 985 2214 1057 διὰ
2252 987 2328 1058 τὸ

340 1091 464 1162 τὸν
503 1087 776 1179 κτιστὴν
816 1095 933 1178 τῆς
975 1086 1718 1180 Καισαρείας·Ἡρώδην
1770 1086 1999 1161 αὐτῶν
2049 1094 2329 1179 βασιλέα

340 1194 693 1284 γεγονέναι
729 1189 804 1263 τὸ
843 1194 1036 1281 γένος
1068 1190 1396 1264 Ἰουδαῖον
1413 1215 1429 1230 ·
1493 1193 1715 1282 Σύροι
1754 1194 1831 1264 δὲ
1869 1192 1951 1264 τὰ
1989 1193 2115 1283 μὲν
2164 1194 2327 1291 περὶ
2367 1214 2422 1255 ιο

340 1294 463 1369 τὸν
496 1293 806 1385 Ἡρώδην
848 1291 1280 1385 ώμολόγουν,
1329 1303 1590 1385 ἔφασαν
1632 1296 1708 1366 δὲ
1758 1294 1882 1383 τὴν
1914 1294 2331 1384 Καισάρειαν

340 1399 740 1490 Στράτωνος
779 1397 1044 1486 πύργον
1082 1397 1156 1468 τὸ
1196 1399 1528 1488 πρότερον
1567 1407 1958 1487 καλεῖσθαι,
2010 1400 2125 1468 καὶ
2176 1400 2330 1470 τότε

339 1504 596 1591 μηδένα
623 1502 974 1590 γεγονέναι
999 1508 1115 1590 τῆς
1148 1501 1404 1583 πόλεως
1442 1508 1580 1571 τών
1611 1498 1956 1572 Ἰουδαίων
1990 1499 2325 1589 οἰκήτορα.

339 1612 549 1675 ταῦτα
578 1600 985 1685 ἀκούσαντες
1014 1608 1084 1672 οἱ
1103 1610 1219 1692 τῆς
1243 1604 1460 1692 χώρας
1494 1610 1802 1692 ἔπαρχοι,
1848 1603 2169 1694 λαβόντες
2194 1601 2328 1692 ἆμ-

242 1760 253 1780 .
340 1711 741 1796 φοτέρωθεν
759 1704 917 1787 τοὺς
943 1711 1200 1787 αἰτίους
1220 1712 1338 1795 τῆς
1364 1705 1656 1788 στάσεως
1674 1715 1959 1796 πληγαῖς
1977 1704 2327 1798 ᾐκίσαντο,
2366 1734 2413 1775 ιε

339 1813 453 1881 καὶ
485 1808 609 1898 τὴν
634 1805 934 1898 ταραχὴν
960 1804 1138 1879 οὕτω
1164 1811 1594 1879 κατέστειλαν
1618 1807 1786 1896 πρὸς
1811 1806 2063 1898 ὀλίγον.
2122 1809 2331 1879 πάλιν

339 1911 470 2004 γὰρ
513 1918 585 1983 οἰ
620 1909 788 1983 κατὰ
830 1910 956 2001 τὴν
989 1912 1190 1983 πόλιν
1211 1908 1521 1984 Ἰουδαῖοι
1555 1917 1647 2007 τῷ
1676 1912 1946 2007 πλούτῳ
1973 1919 2330 2002 θαρροῦν-

336 2045 467 2104 τες,
493 2018 608 2086 καὶ
635 2012 750 2085 διὰ
775 2021 972 2087 τοῦτο
1006 2022 1594 2104 καταφρονοῦντες
1625 2022 1765 2086 τῶν
1790 2016 2077 2104 Σύρων,
2123 2017 2326 2105 έβλα-

338 2118 660 2208 σφήμουν
680 2123 775 2198 εἰς
792 2114 1041 2197 αὐτοὺς
1055 2119 1398 2206 ἐρεθίσειν
1415 2123 1939 2206 προσδοκῶντες.
1978 2126 2050 2189 οἳ
2063 2118 2143 2188 δὲ
2160 2118 2329 2208 χρή-

335 2243 501 2310 μασι
525 2219 652 2309 μὲν
674 2216 1074 2309 ἡττώμενοι,
1114 2221 1285 2309 μέγα
1322 2221 1399 2291 δὲ
1446 2226 1859 2309 φρονοῦντες
1899 2222 2007 2291 έπὶ
2037 2227 2135 2314 τῷ
2165 2221 2326 2303 τούς
2357 2251 2405 2291 κ

337 2329 693 2401 πλείστους
747 2327 886 2390 τῶν
921 2317 1057 2392 ὑπὸ
1096 2318 1456 2412 Ῥωμαίους
1506 2327 1723 2394 έκεῖσε
1773 2325 2329 2413 στρατευομένων

333 2434 700 2513 Καισαρεῖς
729 2421 902 2493 εἶναι
927 2425 1042 2494 καὶ
1066 2425 1573 2515 Σεβαστηνούς,
1613 2429 1803 2516 μέχρι
1841 2429 1965 2514 μέν
2003 2454 2185 2508 τινος
2213 2431 2328 2497 καὶ

334 2527 528 2600 αὐτοὶ
554 2524 714 2607 τοὺς
735 2522 1099 2610 Ἰουδαίους
1140 2528 1317 2622 λόγῳ
1345 2523 1651 2619 ὕβριζον,
1692 2527 1832 2600 εἶτα
1870 2535 2090 2610 λίθοις
2117 2526 2320 2619 ἀλλή-

333 2642 498 2714 λους
524 2637 812 2719 ἔβαλλον
828 2682 847 2718 ,
877 2632 1003 2713 ἕως
1029 2630 1323 2713 πολλοὺς
1347 2629 1509 2719 παρ’
1549 2628 1946 2721 ἀμφοτέρων
1968 2639 2332 2722 τρωθῆναί

332 2763 407 2807 τε
431 2734 546 2805 καὶ
571 2748 805 2804 πεσεῖν
831 2735 1105 2823 συνέβη.
1167 2739 1418 2806 ,νικῶσί
1450 2761 1528 2822 γε
1555 2732 1691 2824 μὴν
1708 2730 2040 2805 Ἰουδαῖοι.
2109 2738 2323 2824 Φῆλιξ
2350 2760 2396 2798 25

334 2839 414 2909 δὲ
440 2834 530 2918 ὥς
567 2835 896 2907 ἐθεάσατο
935 2843 1363 2925 φιλονεικίαν
1405 2840 1482 2907 έν
1518 2839 1813 2926 πολέμου
1851 2836 2078 2931 τρόπῳ
2120 2865 2322 2927 γενο-

334 2944 580 3032 μένην,
620 2938 1055 3029 προπηδήσας
1079 2939 1423 3010 παύεσθαι
1460 2937 1615 3021 τούς
1632 2936 1996 3022 Ἰουδαίους
2021 2942 2321 3030 παρεκά-

336 3053 441 3114 λει
459 3066 475 3082 ·
532 3039 623 3131 μὴ
650 3043 1083 3130 πειθομένοις
1122 3042 1200 3113 δὲ
1239 3039 1395 3123 τοὺς
1434 3042 1838 3131 στρατιώτας
1876 3039 2159 3126 ὁπλίσας
2203 3047 2321 3116 ἐκ·

337 3152 601 3234 αφίησι,
629 3145 744 3213 καὶ
768 3142 1059 3227 πολλοὺς
1083 3146 1209 3234 μὲν
1230 3142 1458 3215 αὐτῶν
1484 3142 1708 3216 ἆνεῖλε
1742 3153 2016 3228 πλείους
2044 3150 2087 3216 δ
2091 3147 2122 3217 ὲ
2153 3153 2320 3233 ζῶν-

336 3274 454 3329 τας
493 3253 764 3335 ἔλαβεν,
806 3252 1020 3329 οἰκίας
1062 3250 1143 3319 δέ
1176 3276 1363 3330 τινας
1402 3255 1539 3318 τών
1581 3250 1656 3318 έν
1695 3255 1778 3339 τῇ
1821 3248 2014 3320 πόλει
2052 3257 2321 3321 πολλῶν
2347 3270 2391 3311 ³⁰

338 3348 520 3417 πάνυ
546 3348 900 3438 χρημάτων
924 3349 1258 3439 γεμούσας
1285 3350 1672 3441 διαρπάζειν
1713 3355 1925 3442 ἐφῆκε
1957 3367 2096 3435 τοῖς
2122 3377 2320 3444 στρα-

339 3448 624 3531 τιώταις.
692 3455 761 3519 οί
799 3453 876 3522 δὲ
916 3459 1051 3523 τῶν
1071 3450 1416 3525 Ἰουδαίων
1452 3453 1926 3547 ἐπιεικέστεροι
1964 3457 2081 3527 καὶ
2109 3455 2319 3550 πρού-
