2450 3875
220 190 338 252 156
415 264 420 268 ,
671 193 836 253 Tor
865 193 1341 255 IOYAAEKOY
1376 194 1811 256 ΠΟΛΕΜΟΥ

215 357 580 439 δεξαμένου
609 353 736 440 τὴν
769 359 1202 441 ,κατηγορίαη
1249 356 1473 440 μένων
1516 356 1625 423 ἐπὶ
1654 353 1904 443 Ῥώμης
1946 355 2108 436 τούς
2145 381 2212 423 τε

216 449 464 534 ἄλλους
485 459 622 522 τών
643 462 1002 542 γνωρίμων
1024 453 1430 542 ἐθεράπευε,
1455 456 1567 522 καὶ
1589 456 1875 540 μάλιστα
1901 457 2024 523 τὸν
2047 461 2215 541 Γερ-

215 558 505 637 μανικοῦ
545 558 749 622 παῖδα
779 554 1010 639 Γάιον,
1056 555 1333 641 ἰδιώτην
1375 556 1473 621 ἔτι
1507 550 1693 622 ὄντα.
1782 555 1896 623 καὶ
1932 555 2017 642 δή
2055 580 2213 624 ποτε

215 650 457 719 ἑστιῶν
492 650 702 722 αὐτὸν
739 654 821 721 τά
853 678 926 721 τε
965 651 1133 721 ἄλλα
1160 657 1478 734 ποικίλως
1518 655 2064 741 ἐφιλοφρονεῖτο,
2107 657 2214 722 καὶ

214 758 598 819 τελευταῖον
623 750 740 833 τὰς
759 766 981 839 χεῖρας
1001 748 1351 832 ἀνατείνας
1362 759 1678 839 φανεραῖς
1692 752 1938 841 ηὔξατο
1959 760 2211 823 θᾶττον
2240 766 2267 807 ⁸

215 846 818 920 αύτόνθεάσασθαι
838 858 976 919 τών
1005 849 1187 920 ὅλων
1209 850 1564 939 δεσπότην,
1601 849 2071 933 ἀποθανόντος
2097 859 2212 920 Τι-

215 955 469 1035 βερίου.
540 953 742 1034 τοῦτό
768 977 869 1030 τις
889 957 1026 1019 τών
1061 955 1341 1019 οἰκετῶν
1362 948 1581 1018 αὐτοῦ
1607 955 1984 1038 διαγγέλλει
2018 957 2213 1039 Τιβε-

215 1054 368 1138 ρίῳ,
408 1052 520 1118 καὶ
560 1046 636 1130 ὃς
679 1045 1139 1136 ἀγανακτήσας
1182 1053 1487 1135 εἵργνυσι
1523 1048 1646 1117 τόν
1685 1048 2057 1137 Ἀγρίππαν
2101 1051 2212 1119 καὶ

214 1146 357 1234 μετ’
392 1154 608 1230 αἰκίας
648 1147 821 1236 εἶχεν
861 1152 968 1217 ἐπὶ
1015 1155 1231 1235 μῆνας
1265 1151 1333 1229 ἓξ
1374 1150 1451 1216 ἐν
1489 1153 1955 1242 δεσμωτηρίῳ,
1993 1152 2214 1238 μέχρις

218 1245 421 1329 αὐτὸς
437 1248 863 1335 ἐτελεύτησεν
882 1246 1342 1335 ἡγεμονεύσας
1364 1252 1475 1335 ἔτη
1500 1249 1627 1317 δύο
1650 1249 1821 1335 πρὸς
1840 1265 1980 1331 τοῖς
2002 1259 2210 1319 εἴκοσι
2242 1266 2294 1308 ¹⁰

156 1356 192 1411 6
220 1348 329 1414 καὶ
370 1360 545 1433 τρεῖς
587 1343 835 1434 ἡμέρας
880 1349 989 1415 ἐπὶ
1029 1349 1231 1433 μησὶν
1259 1348 1347 1427 ἓξ.
1432 1346 1853 1434 ἀποδειχθεὶς
1899 1349 1972 1417 δὲ
2013 1347 2214 1428 Γάιος

215 1451 475 1528 Καῖσαρ
510 1441 741 1531 ἀνίησί
778 1470 850 1512 τε
883 1452 1021 1513 τών
1053 1449 1095 1512 δ
1099 1451 1323 1531 εσμών
1353 1446 1475 1513 τὸν
1503 1442 1903 1533 Ἀγρίππαν,
1948 1443 2081 1513 καὶ’
2098 1451 2213 1531 τῆς

216 1543 557 1612 Φιλίππου
598 1550 982 1630 τετραρχίας
1026 1545 1406 1634 (ἐτεθνήκει
1436 1541 1564 1631 γὰρ
1600 1535 1822 1635 οὗτος)
1860 1551 2212 1631 καθίστησι

216 1646 511 1729 βασιλέα.
603 1641 1146 1729 παραγενόμενος
1196 1642 1273 1710 δὲ
1317 1646 1411 1722 είς
1448 1641 1574 1728 τὴν
1618 1640 1829 1729 ἀρχὴν
1856 1639 2214 1728 Ἀγρίππας

215 1740 462 1831 φθόνῳ
481 1738 600 1821 τὰς
612 1738 918 1827 Ἡρώδου
936 1747 1062 1809 τοῦ
1082 1741 1448 1827 τετράρχου
1469 1741 1808 1829 διήγειρεν
1834 1744 2207 1827 ἐπιθυμίας.
2246 1759 2301 1802 1⁸

215 1842 414 1926 ἐνῆγε
463 1842 538 1908 δὲ
594 1839 877 1927 μάλιστα
916 1847 1164 1909 τοῦτον
1207 1845 1303 1921 είς
1345 1843 1580 1909 ἐλπίδα
1633 1846 1968 1928 βασιλείας
1998 1837 2212 1924 Ἡρω-

218 1941 368 2021 διὰς
405 1937 447 2028 ἡ
492 1938 703 2029 γυνή,
745 1944 1289 2022 κατονειδίζουσα
1321 1939 1446 2029 τὴν
1479 1937 1751 2029 ἀργίαν,
1794 1942 1905 2008 καὶ
1948 1942 2213 2028 φαμένη

216 2038 394 2123 παρὰ
423 2038 496 2108 τό
534 2040 623 2127 μὴ
668 2041 1041 2129 βούλεσθαι
1079 2049 1273 2112 πλεῖν
1297 2044 1402 2111 ἐπὶ
1424 2048 1728 2127 Καίσαρα
1747 2047 2215 2127 στερίσκεσθαι

215 2146 513 2227 μείζονος
540 2137 770 2227 ἀρχῆς·
816 2140 991 2209 ὅπου
1032 2140 1161 2230 γὰρ
1187 2139 1558 2229 Ἀγρίππαν
1601 2145 1667 2223 ἐξ
1709 2141 1979 2210 ἰδιώτου
2018 2148 2213 2228 βασι-

215 2242 331 2307 λέα
363 2244 744 2327 πεποίηκεν,
785 2232 831 2328 ἦ
871 2241 1005 2308 πού
1049 2266 1126 2327 γε
1165 2238 1252 2308 ἀν
1296 2244 1557 2309 ἐκεῖνον
1597 2238 2100 2327 διαναστήσειεν
2135 2243 2210 2308 ἐκ
2242 2259 2304 2300 2⁸

214 2337 598 2424 τετράρχου.
676 2340 942 2420 τούτοις
1012 2338 1447 2422 ἀναπεισθεὶς
1503 2338 1804 2427 Ἡρώδης
1864 2332 1997 2426 ἧκε
2045 2339 2214 2427 πρὸς

213 2437 460 2525 Γαιον,
515 2434 642 2526 υφ’
707 2432 795 2509 ου
842 2448 958 2528 τῆς
1007 2446 1389 2524 πλεονεξίας
1452 2445 1820 2528 ἐπιτιμαται
1877 2445 2066 2529 φυγῇ
2119 2444 2215 2519 εἰς

205 2533 574 2604 Ἱσπανίαν·
620 2536 1050 2629 ἠκολούθησε
1075 2540 1203 2628 γὰρ
1232 2538 1417 2632 αύτῷ
1443 2540 1809 2628 κατήγορος
1829 2535 2211 2626 Ἀγρίππας,

216 2626 270 2726 ᾧ
306 2637 416 2703 καὶ
459 2635 584 2723 τὴν
623 2645 1014 2728 τετραρχίαν
1054 2640 1179 2727 τὴν
1222 2643 1489 2710 ἐκείνου
1536 2641 1918 2727 προσέθηκε
1949 2639 2169 2718 Γάιος.

381 2739 491 2806 καὶ
521 2734 820 2825 Ἡρώδης
851 2738 977 2826 μὲν
1019 2742 1094 2807 ἐν
1122 2736 1448 2830 Ἱσπανία,
1504 2737 1990 2826 συμφυγούσης
2030 2733 2215 2827 αὐτῷ
2240 2752 2307 2793 ²⁵

115 2856 198 2921 10
219 2841 328 2908 καὶ
349 2846 465 2925 τῆς
486 2837 837 2926 γυναικός,
883 2844 1160 2927 τελευτᾷ
1173 2867 1190 2882 ·
1235 2838 1436 2918 Γᾶιος
1457 2837 1532 2906 δὲ
1553 2845 1813 2924 Καῖσαρ
1834 2837 1940 2905 ἐπὶ
1968 2842 2214 2904 τοσοῦ-

214 2964 334 3007 τον
364 2937 716 3024 ἐξύβρισεν
749 2940 842 3016 εἰς
867 2934 994 3023 τὴν
1027 2935 1240 3023 τύχην
1276 2933 1449 3004 ὥστε
1488 2932 1661 3004 θεὸν
1702 2936 1828 3021 μὲν
1859 2931 2070 3003 αὑτὸν
2100 2939 2217 3002 καὶ

215 3043 440 3106 δοκεῖν
461 3036 574 3104 καὶ
603 3034 973 3124 βούλεσθαι
1011 3036 1122 3102 καὶ
1157 3043 1529 3121 καλεῖσθαι,
1564 3038 1701 3101 τών
1720 3059 1793 3101 τε
1816 3031 2214 3120 εὐγενεστά-

213 3162 351 3203 των
374 3134 644 3221 ἀνδρῶν
678 3129 1126 3220 ἀκροτομῆσαι
1155 3130 1281 3225 τὴν
1312 3135 1627 3219 πατρίδα,
1672 3133 1956 3200 ἐκτεῖναι
1988 3130 2064 3198 δὲ
2085 3129 2213 3218 τὴν

213 3232 524 3320 ἀσέβειαν
571 3231 683 3300 καὶ
749 3231 857 3301 ἐπὶ
903 3224 1288 3329 Ἰουδαίους.
1375 3229 1767 3316 Πετρώνιον
1818 3235 1991 3315 γοῦν
2042 3226 2210 3315 μετὰ
2247 3246 2311 3291 ³⁰

213 3336 523 3418 στρατιᾶς
555 3331 662 3399 ἐπὶ
680 3327 1162 3417 Ἱεροσολύμων
1185 3320 1481 3417 ἔπεμψεν
1516 3327 2212 3418 ἐγκαθιδρύσοντωτῷ

213 3434 357 3518 ναῷ
377 3424 537 3507 τούς
560 3424 964 3517 ἀνδριαντας
983 3425 1220 3518 αὐτοῦ,
1252 3428 1662 3516 προστάξας,
1702 3431 1764 3496 εί
1786 3424 1876 3514 μὴ
1906 3427 2209 3508 δέξαιντο
