<?xml version="1.0" encoding="UTF-8"?>
<!DOCTYPE html PUBLIC "-//W3C//DTD XHTML 1.0 Transitional//EN"
    "http://www.w3.org/TR/xhtml1/DTD/xhtml1-transitional.dtd">
<html xmlns="http://www.w3.org/1999/xhtml" xml:lang="en" lang="en">
 <head>
  <title>
</title>
<meta http-equiv="Content-Type" content="text/html;charset=utf-8" />
  <meta name='ocr-system' content='tesseract 3.04.00' />
  <meta name='ocr-capabilities' content='ocr_page ocr_carea ocr_par ocr_line ocrx_word'/>
</head>
<body>
  <div class='ocr_page' id='page_1' title='image "./flaviiiosephiop01bekkgoog_0796.png"; bbox 0 0 2450 3875; ppageno 0'>
   <div class='ocr_carea' id='block_1_1' title="bbox 290 111 1883 176">
    <p class='ocr_par' dir='ltr' id='par_1_1' title="bbox 290 111 1883 176">
     <span class='ocr_line' id='line_1_1' title="bbox 290 111 1883 176; baseline 0.001 -4"><span class='ocrx_word' id='word_1_1' title='bbox 290 111 373 174; x_wconf 83' lang='lat'><strong><em>56</em></strong></span> <span class='ocrx_word' id='word_1_2' title='bbox 721 113 887 173; x_wconf 71' lang='lat' dir='ltr'><strong><em>Tor</em></strong></span> <span class='ocrx_word' id='word_1_3' title='bbox 921 112 1406 174; x_wconf 79' lang='grc' dir='ltr'><em>ΙΟΥΔΑῙΚΟΤ</em></span> <span class='ocrx_word' id='word_1_4' title='bbox 1445 113 1883 176; x_wconf 71' lang='grc' dir='ltr'><strong><em>ΠΟΛΕΜΟΥ</em></strong></span> 
     </span>
    </p>
   </div>
   <div class='ocr_carea' id='block_1_2' title="bbox 250 279 2376 3565">
    <p class='ocr_par' dir='ltr' id='par_1_2' title="bbox 278 279 2376 1813">
     <span class='ocr_line' id='line_1_2' title="bbox 296 279 2358 374; baseline -0.001 -20"><span class='ocrx_word' id='word_1_5' title='bbox 296 294 457 367; x_wconf 86' lang='grc' dir='ltr'><strong><em>λους</em></strong></span> <span class='ocrx_word' id='word_1_6' title='bbox 482 311 553 354; x_wconf 90' lang='grc' dir='ltr'><strong><em>τε</em></strong></span> <span class='ocrx_word' id='word_1_7' title='bbox 594 279 883 365; x_wconf 80' lang='grc' dir='ltr'><strong><em>ὁπλίτας-</em></strong></span> <span class='ocrx_word' id='word_1_8' title='bbox 907 282 1198 372; x_wconf 77' lang='grc' dir='ltr'><strong><em>συχνοὺς</em></strong></span> <span class='ocrx_word' id='word_1_9' title='bbox 1243 291 1414 373; x_wconf 80' lang='grc' dir='ltr'><strong><em>ἔχων</em></strong></span> <span class='ocrx_word' id='word_1_10' title='bbox 1453 288 1568 356; x_wconf 80' lang='grc' dir='ltr'><strong><em>καὶ</em></strong></span> <span class='ocrx_word' id='word_1_11' title='bbox 1607 288 1762 374; x_wconf 77' lang='grc' dir='ltr'><strong><em>περὶ</em></strong></span> <span class='ocrx_word' id='word_1_12' title='bbox 1799 282 2006 356; x_wconf 77' lang='grc' dir='ltr'><strong><em>αὑτὸν</em></strong></span> <span class='ocrx_word' id='word_1_13' title='bbox 2042 296 2260 369; x_wconf 80' lang='grc' dir='ltr'><strong><em>στῖφος</em></strong></span> <span class='ocrx_word' id='word_1_14' title='bbox 2357 299 2358 304; x_wconf 77' lang='grc'>’</span> 
     </span>
     <span class='ocr_line' id='line_1_3' title="bbox 278 383 2269 476; baseline -0.002 -18"><span class='ocrx_word' id='word_1_15' title='bbox 278 384 726 458; x_wconf 73' lang='grc' dir='ltr'><strong><em>-Μακεδόνων</em></strong></span> <span class='ocrx_word' id='word_1_16' title='bbox 752 387 1191 476; x_wconf 84' lang='grc' dir='ltr'><strong><em>καλούμενον,</em></strong></span> <span class='ocrx_word' id='word_1_17' title='bbox 1223 384 1459 475; x_wconf 78' lang='grc' dir='ltr'><strong><em>ἥλικας</em></strong></span> <span class='ocrx_word' id='word_1_18' title='bbox 1485 389 1755 476; x_wconf 88' lang='grc' dir='ltr'><strong><em>πάντας,</em></strong></span> <span class='ocrx_word' id='word_1_19' title='bbox 1790 384 2108 476; x_wconf 80' lang='grc' dir='ltr'><strong><em>ὑψηλούς,</em></strong></span> <span class='ocrx_word' id='word_1_20' title='bbox 2134 383 2269 455; x_wconf 66' lang='lat' dir='ltr'><strong><em>du-</em></strong></span> 
     </span>
     <span class='ocr_line' id='line_1_4' title="bbox 297 485 2366 580; baseline -0.002 -20"><span class='ocrx_word' id='word_1_21' title='bbox 297 518 422 579; x_wconf 93' lang='grc' dir='ltr'><strong><em>γον</em></strong></span> <span class='ocrx_word' id='word_1_22' title='bbox 451 486 621 577; x_wconf 72' lang='grc' dir='ltr'><strong><em>ὑπὲρ</em></strong></span> <span class='ocrx_word' id='word_1_23' title='bbox 664 486 1091 578; x_wconf 77' lang='grc' dir='ltr'><strong><em>ἀντίπαιδας,</em></strong></span> <span class='ocrx_word' id='word_1_24' title='bbox 1132 488 1253 560; x_wconf 88' lang='grc' dir='ltr'><strong><em>τὸν</em></strong></span> <span class='ocrx_word' id='word_1_25' title='bbox 1280 490 1759 562; x_wconf 85' lang='grc' dir='ltr'><strong><em>Μακεδονικὸν</em></strong></span> <span class='ocrx_word' id='word_1_26' title='bbox 1788 490 2031 580; x_wconf 89' lang='grc' dir='ltr'><strong><em>τρόπον</em></strong></span> <span class='ocrx_word' id='word_1_27' title='bbox 2070 485 2266 559; x_wconf 72' lang='grc' dir='ltr'><strong><em>ὥπλι·</em></strong></span> <span class='ocrx_word' id='word_1_28' title='bbox 2365 567 2366 570; x_wconf 10' lang='lat'>¹</span> 
     </span>
     <span class='ocr_line' id='line_1_5' title="bbox 297 591 2272 683; baseline -0.003 -20"><span class='ocrx_word' id='word_1_29' title='bbox 297 594 584 681; x_wconf 88' lang='grc' dir='ltr'><strong><em>σμένους</em></strong></span> <span class='ocrx_word' id='word_1_30' title='bbox 600 619 673 661; x_wconf 91' lang='grc' dir='ltr'><strong><em>τε</em></strong></span> <span class='ocrx_word' id='word_1_31' title='bbox 705 596 816 662; x_wconf 85' lang='grc' dir='ltr'><strong><em>καὶ</em></strong></span> <span class='ocrx_word' id='word_1_32' title='bbox 844 596 1442 681; x_wconf 80' lang='grc' dir='ltr'><strong><em>πεπαιδευμένους,</em></strong></span> <span class='ocrx_word' id='word_1_33' title='bbox 1468 591 1639 665; x_wconf 76' lang='grc' dir='ltr'><strong><em>ὅθεν</em></strong></span> <span class='ocrx_word' id='word_1_34' title='bbox 1656 595 1770 664; x_wconf 82' lang='grc' dir='ltr'><strong><em>καὶ</em></strong></span> <span class='ocrx_word' id='word_1_35' title='bbox 1788 592 1914 683; x_wconf 77' lang='grc' dir='ltr'><strong><em>τὴν</em></strong></span> <span class='ocrx_word' id='word_1_36' title='bbox 1939 596 2272 679; x_wconf 80' lang='grc' dir='ltr'><strong><em>ἐπίκλησιν</em></strong></span> 
     </span>
     <span class='ocr_line' id='line_1_6' title="bbox 302 691 2320 786; baseline -0.001 -20"><span class='ocrx_word' id='word_1_37' title='bbox 302 695 516 784; x_wconf 80' lang='grc' dir='ltr'><strong><em>εἶχον,</em></strong></span> <span class='ocrx_word' id='word_1_38' title='bbox 555 691 996 784; x_wconf 77' lang='grc' dir='ltr'><strong><em>ὑστεροῦντες</em></strong></span> <span class='ocrx_word' id='word_1_39' title='bbox 1039 701 1110 766; x_wconf 84' lang='grc' dir='ltr'><strong><em>οί</em></strong></span> <span class='ocrx_word' id='word_1_40' title='bbox 1131 699 1365 767; x_wconf 85' lang='grc' dir='ltr'><strong><em>πολλοὶ</em></strong></span> <span class='ocrx_word' id='word_1_41' title='bbox 1395 704 1515 766; x_wconf 88' lang='grc' dir='ltr'><strong><em>τοῦ</em></strong></span> <span class='ocrx_word' id='word_1_42' title='bbox 1547 699 1807 786; x_wconf 87' lang='grc' dir='ltr'><strong><em>γένους.</em></strong></span> <span class='ocrx_word' id='word_1_43' title='bbox 1879 692 2270 783; x_wconf 80' lang='grc' dir='ltr'><strong><em>εὐδαιμονῆ·</em></strong></span> <span class='ocrx_word' id='word_1_44' title='bbox 2299 715 2320 754; x_wconf 78' lang='lat'><strong>⁵</strong></span> 
     </span>
     <span class='ocr_line' id='line_1_7' title="bbox 301 795 2376 891; baseline -0.001 -23"><span class='ocrx_word' id='word_1_45' title='bbox 301 823 414 868; x_wconf 90' lang='grc' dir='ltr'><strong><em>σαι</em></strong></span> <span class='ocrx_word' id='word_1_46' title='bbox 440 797 567 887; x_wconf 78' lang='grc' dir='ltr'><strong><em>γὰρ</em></strong></span> <span class='ocrx_word' id='word_1_47' title='bbox 596 795 876 886; x_wconf 91' lang='grc' dir='ltr'><strong><em>μάλιστα</em></strong></span> <span class='ocrx_word' id='word_1_48' title='bbox 904 806 1040 868; x_wconf 74' lang='grc' dir='ltr'><strong><em>τῶν</em></strong></span> <span class='ocrx_word' id='word_1_49' title='bbox 1064 795 1199 870; x_wconf 81' lang='grc' dir='ltr'><strong><em>ὑπὸ</em></strong></span> <span class='ocrx_word' id='word_1_50' title='bbox 1221 797 1559 888; x_wconf 84' lang='grc' dir='ltr'><strong><em>Ῥωμαίοις</em></strong></span> <span class='ocrx_word' id='word_1_51' title='bbox 1597 803 1930 891; x_wconf 85' lang='grc' dir='ltr'><strong><em>βασιλέων</em></strong></span> <span class='ocrx_word' id='word_1_52' title='bbox 1957 797 2079 867; x_wconf 84' lang='grc' dir='ltr'><strong><em>τὸν</em></strong></span> <span class='ocrx_word' id='word_1_53' title='bbox 2104 803 2280 884; x_wconf 55' lang='lat' dir='ltr'>Koa—⁸</span> <span class='ocrx_word' id='word_1_54' title='bbox 2375 867 2376 884; x_wconf 25' lang='lat'>1</span> 
     </span>
     <span class='ocr_line' id='line_1_8' title="bbox 303 895 2276 993; baseline -0.002 -23"><span class='ocrx_word' id='word_1_55' title='bbox 303 900 606 990; x_wconf 83' lang='grc' dir='ltr'><strong><em>μαγηνόν</em></strong></span> <span class='ocrx_word' id='word_1_56' title='bbox 646 904 897 991; x_wconf 81' lang='grc' dir='ltr'><strong><em>συνέβη</em></strong></span> <span class='ocrx_word' id='word_1_57' title='bbox 939 904 1101 989; x_wconf 83' lang='grc' dir='ltr'><strong><em>πρὶν</em></strong></span> <span class='ocrx_word' id='word_1_58' title='bbox 1128 902 1504 991; x_wconf 81' lang='grc' dir='ltr'><strong><em>γεύσασθαι</em></strong></span> <span class='ocrx_word' id='word_1_59' title='bbox 1535 909 1935 993; x_wconf 80' lang='grc' dir='ltr'><strong><em>μεταβολῆς·</em></strong></span> <span class='ocrx_word' id='word_1_60' title='bbox 1989 895 2276 987; x_wconf 78' lang='grc' dir='ltr'><strong><em>ἀπέφηνε</em></strong></span> 
     </span>
     <span class='ocr_line' id='line_1_9' title="bbox 308 1001 2280 1096; baseline -0.002 -22"><span class='ocrx_word' id='word_1_61' title='bbox 308 1006 384 1074; x_wconf 73' lang='grc' dir='ltr'><strong><em>δὲ</em></strong></span> <span class='ocrx_word' id='word_1_62' title='bbox 430 1001 737 1086; x_wconf 83' lang='grc' dir='ltr'><strong><em>κάκεῖνος</em></strong></span> <span class='ocrx_word' id='word_1_63' title='bbox 766 1007 875 1075; x_wconf 77' lang='grc' dir='ltr'><strong><em>ἐπὶ</em></strong></span> <span class='ocrx_word' id='word_1_64' title='bbox 915 1004 1136 1094; x_wconf 85' lang='grc' dir='ltr'><strong><em>γήρως</em></strong></span> <span class='ocrx_word' id='word_1_65' title='bbox 1168 1001 1259 1087; x_wconf 74' lang='grc' dir='ltr'><strong><em>ὥς</em></strong></span> <span class='ocrx_word' id='word_1_66' title='bbox 1287 1003 1537 1076; x_wconf 80' lang='grc' dir='ltr'><strong><em>οὐδένα</em></strong></span> <span class='ocrx_word' id='word_1_67' title='bbox 1563 1004 1687 1096; x_wconf 84' lang='grc' dir='ltr'><strong><em>χρὴ</em></strong></span> <span class='ocrx_word' id='word_1_68' title='bbox 1727 1008 1950 1094; x_wconf 84' lang='grc' dir='ltr'><strong><em>λέγειν</em></strong></span> <span class='ocrx_word' id='word_1_69' title='bbox 1990 1003 2122 1091; x_wconf 81' lang='grc' dir='ltr'><strong><em>πρὸ</em></strong></span> <span class='ocrx_word' id='word_1_70' title='bbox 2159 1013 2280 1071; x_wconf 81' lang='grc' dir='ltr'><strong><em>θα-</em></strong></span> 
     </span>
     <span class='ocr_line' id='line_1_10' title="bbox 304 1104 2279 1197; baseline 0 -20"><span class='ocrx_word' id='word_1_71' title='bbox 304 1107 516 1177; x_wconf 90' lang='grc' dir='ltr'><strong><em>νάτου</em></strong></span> <span class='ocrx_word' id='word_1_72' title='bbox 542 1106 889 1197; x_wconf 84' lang='grc' dir='ltr'><strong><em>μακάριον.</em></strong></span> <span class='ocrx_word' id='word_1_73' title='bbox 945 1104 1092 1176; x_wconf 75' lang='grc' dir='ltr'><strong><em>ἀλλ’</em></strong></span> <span class='ocrx_word' id='word_1_74' title='bbox 1125 1105 1164 1177; x_wconf 79' lang='grc' dir='ltr'>ὅ</span> <span class='ocrx_word' id='word_1_75' title='bbox 1196 1135 1276 1197; x_wconf 86' lang='grc' dir='ltr'><strong><em>γε</em></strong></span> <span class='ocrx_word' id='word_1_76' title='bbox 1302 1124 1456 1190; x_wconf 85' lang='grc' dir='ltr'><strong><em>παῖς</em></strong></span> <span class='ocrx_word' id='word_1_77' title='bbox 1498 1106 1895 1196; x_wconf 69' lang='grc' dir='ltr'><strong><em>ἀκμάζοντος</em></strong></span> <span class='ocrx_word' id='word_1_78' title='bbox 1935 1104 2152 1177; x_wconf 80' lang='grc' dir='ltr'><strong><em>αὐτοῦ</em></strong></span> <span class='ocrx_word' id='word_1_79' title='bbox 2175 1132 2279 1192; x_wconf 84' lang='grc' dir='ltr'><strong><em>τη·-</em></strong></span> 
     </span>
     <span class='ocr_line' id='line_1_11' title="bbox 304 1207 2338 1300; baseline -0.001 -21"><span class='ocrx_word' id='word_1_80' title='bbox 304 1216 589 1279; x_wconf 87' lang='grc' dir='ltr'><strong><em>νικαῦτα</em></strong></span> <span class='ocrx_word' id='word_1_81' title='bbox 616 1208 852 1300; x_wconf 71' lang='grc' dir='ltr'><strong><em>παρών</em></strong></span> <span class='ocrx_word' id='word_1_82' title='bbox 879 1210 1252 1299; x_wconf 76' lang='grc' dir='ltr'><strong><em>θαυμάζειν</em></strong></span> <span class='ocrx_word' id='word_1_83' title='bbox 1292 1217 1542 1300; x_wconf 75' lang='grc' dir='ltr'><strong><em>ἔφασκε</em></strong></span> <span class='ocrx_word' id='word_1_84' title='bbox 1575 1221 1646 1288; x_wconf 80' lang='grc' dir='ltr'><strong><em>τί</em></strong></span> <span class='ocrx_word' id='word_1_85' title='bbox 1679 1211 1765 1300; x_wconf 85' lang='grc' dir='ltr'><strong><em>δή</em></strong></span> <span class='ocrx_word' id='word_1_86' title='bbox 1800 1237 1966 1281; x_wconf 84' lang='grc' dir='ltr'><strong><em>ποτε</em></strong></span> <span class='ocrx_word' id='word_1_87' title='bbox 1995 1207 2279 1297; x_wconf 84' lang='grc' dir='ltr'><strong><em>Ῥωμαῖοι</em></strong></span> <span class='ocrx_word' id='word_1_88' title='bbox 2303 1223 2338 1261; x_wconf 79' lang='lat'><strong><em>¹0</em></strong></span> 
     </span>
     <span class='ocr_line' id='line_1_12' title="bbox 306 1311 2283 1406; baseline -0.001 -24"><span class='ocrx_word' id='word_1_89' title='bbox 306 1328 697 1382; x_wconf 77' lang='grc' dir='ltr'><strong><em>κατοκνοῖεν</em></strong></span> <span class='ocrx_word' id='word_1_90' title='bbox 752 1315 1101 1402; x_wconf 72' lang='grc' dir='ltr'><strong><em>προσιέναι</em></strong></span> <span class='ocrx_word' id='word_1_91' title='bbox 1163 1320 1256 1406; x_wconf 77' lang='grc' dir='ltr'><strong><em>τῷ</em></strong></span> <span class='ocrx_word' id='word_1_92' title='bbox 1308 1321 1528 1402; x_wconf 87' lang='grc' dir='ltr'><strong><em>τείχει.</em></strong></span> <span class='ocrx_word' id='word_1_93' title='bbox 1622 1311 2022 1401; x_wconf 76' lang='grc' dir='ltr'><strong><em>πολεμιστὴς</em></strong></span> <span class='ocrx_word' id='word_1_94' title='bbox 2075 1315 2154 1382; x_wconf 88' lang='grc' dir='ltr'><strong><em>δέ</em></strong></span> <span class='ocrx_word' id='word_1_95' title='bbox 2189 1337 2283 1390; x_wconf 82' lang='grc' dir='ltr'><strong><em>τις</em></strong></span> 
     </span>
     <span class='ocr_line' id='line_1_13' title="bbox 298 1407 2282 1507; baseline -0.001 -24"><span class='ocrx_word' id='word_1_96' title='bbox 298 1413 509 1495; x_wconf 49' lang='grc' dir='ltr'><strong><em>»αὐτὸς</em></strong></span> <span class='ocrx_word' id='word_1_97' title='bbox 538 1407 625 1504; x_wconf 86' lang='grc' dir='ltr'><strong><em>ἦν</em></strong></span> <span class='ocrx_word' id='word_1_98' title='bbox 652 1417 763 1484; x_wconf 78' lang='grc' dir='ltr'><strong><em>καὶ</em></strong></span> <span class='ocrx_word' id='word_1_99' title='bbox 792 1415 999 1504; x_wconf 82' lang='grc' dir='ltr'><strong><em>φύσει</em></strong></span> <span class='ocrx_word' id='word_1_100' title='bbox 1038 1416 1450 1507; x_wconf 88' lang='grc' dir='ltr'><strong><em>παράβολος,</em></strong></span> <span class='ocrx_word' id='word_1_101' title='bbox 1487 1416 1658 1487; x_wconf 87' lang='grc' dir='ltr'><strong><em>κατά</em></strong></span> <span class='ocrx_word' id='word_1_102' title='bbox 1684 1444 1755 1486; x_wconf 93' lang='grc' dir='ltr'><strong><em>τε</em></strong></span> <span class='ocrx_word' id='word_1_103' title='bbox 1783 1413 1910 1505; x_wconf 82' lang='grc' dir='ltr'><strong><em>τὴν</em></strong></span> <span class='ocrx_word' id='word_1_104' title='bbox 1946 1413 2162 1503; x_wconf 75' lang='grc' dir='ltr'><strong><em>ἀλκὴν</em></strong></span> <span class='ocrx_word' id='word_1_105' title='bbox 2187 1440 2282 1481; x_wconf 87' lang='grc' dir='ltr'><strong><em>το-</em></strong></span> 
     </span>
     <span class='ocr_line' id='line_1_14' title="bbox 310 1513 2284 1608; baseline -0.001 -22"><span class='ocrx_word' id='word_1_106' title='bbox 310 1524 544 1598; x_wconf 85' lang='grc' dir='ltr'><strong><em>σοῦτος</em></strong></span> <span class='ocrx_word' id='word_1_107' title='bbox 563 1513 653 1598; x_wconf 77' lang='grc' dir='ltr'><strong><em>ὥς</em></strong></span> <span class='ocrx_word' id='word_1_108' title='bbox 681 1514 930 1606; x_wconf 86' lang='grc' dir='ltr'><strong><em>ὀλίγων</em></strong></span> <span class='ocrx_word' id='word_1_109' title='bbox 948 1516 1074 1606; x_wconf 84' lang='grc' dir='ltr'><strong><em>τὴν</em></strong></span> <span class='ocrx_word' id='word_1_110' title='bbox 1093 1520 1363 1608; x_wconf 89' lang='grc' dir='ltr'><strong><em>τόλμαν</em></strong></span> <span class='ocrx_word' id='word_1_111' title='bbox 1373 1522 1865 1608; x_wconf 80' lang='grc' dir='ltr'><strong><em>διαμαρτάνειν.</em></strong></span> <span class='ocrx_word' id='word_1_112' title='bbox 1907 1519 2284 1607; x_wconf 79' lang='grc' dir='ltr'><strong><em>μειδιάσαν-</em></strong></span> 
     </span>
     <span class='ocr_line' id='line_1_15' title="bbox 312 1615 2286 1708; baseline 0.001 -19"><span class='ocrx_word' id='word_1_113' title='bbox 312 1648 420 1701; x_wconf 89' lang='grc' dir='ltr'><strong><em>τος</em></strong></span> <span class='ocrx_word' id='word_1_114' title='bbox 461 1621 536 1690; x_wconf 75' lang='grc' dir='ltr'><strong><em>δὲ</em></strong></span> <span class='ocrx_word' id='word_1_115' title='bbox 564 1627 688 1689; x_wconf 88' lang='grc' dir='ltr'><strong><em>τοῦ</em></strong></span> <span class='ocrx_word' id='word_1_116' title='bbox 723 1629 925 1691; x_wconf 92' lang='grc' dir='ltr'><strong><em>Τίτου</em></strong></span> <span class='ocrx_word' id='word_1_117' title='bbox 964 1623 1078 1691; x_wconf 84' lang='grc' dir='ltr'><strong><em>καὶ</em></strong></span> <span class='ocrx_word' id='word_1_118' title='bbox 1128 1620 1412 1708; x_wconf 82' lang='grc' dir='ltr'><strong><em>,,κοινός</em></strong></span> <span class='ocrx_word' id='word_1_119' title='bbox 1449 1650 1487 1693; x_wconf 96' lang='grc' dir='ltr'><strong><em>ο</em></strong></span> <span class='ocrx_word' id='word_1_120' title='bbox 1516 1622 1752 1704; x_wconf 71' lang='grc' dir='ltr'><strong><em>πόνος6</em></strong></span> <span class='ocrx_word' id='word_1_121' title='bbox 1757 1622 2165 1706; x_wconf 69' lang='grc' dir='ltr'><strong><em>ιεἰπόντος,</em></strong></span> <span class='ocrx_word' id='word_1_122' title='bbox 2209 1615 2286 1697; x_wconf 73' lang='grc' dir='ltr'><strong><em>ὥς</em></strong></span> 
     </span>
     <span class='ocr_line' id='line_1_16' title="bbox 314 1718 2348 1813; baseline 0 -21"><span class='ocrx_word' id='word_1_123' title='bbox 314 1722 491 1811; x_wconf 82' lang='grc' dir='ltr'><strong><em>εἶχεν</em></strong></span> <span class='ocrx_word' id='word_1_124' title='bbox 524 1744 841 1813; x_wconf 87' lang='grc' dir='ltr'><strong><em>ωρμησεν</em></strong></span> <span class='ocrx_word' id='word_1_125' title='bbox 877 1720 915 1793; x_wconf 86' lang='lat'>6</span> <span class='ocrx_word' id='word_1_126' title='bbox 935 1719 1268 1811; x_wconf 87' lang='grc' dir='ltr'><strong><em>Ἀντίοχος</em></strong></span> <span class='ocrx_word' id='word_1_127' title='bbox 1304 1752 1470 1813; x_wconf 85' lang='grc' dir='ltr'><strong><em>μετα</em></strong></span> <span class='ocrx_word' id='word_1_128' title='bbox 1497 1731 1634 1794; x_wconf 74' lang='grc' dir='ltr'><strong><em>τῶν</em></strong></span> <span class='ocrx_word' id='word_1_129' title='bbox 1663 1724 2096 1796; x_wconf 84' lang='grc' dir='ltr'><strong><em>Μακεδόνων</em></strong></span> <span class='ocrx_word' id='word_1_130' title='bbox 2137 1718 2284 1810; x_wconf 79' lang='grc' dir='ltr'><strong><em>πρὸς</em></strong></span> <span class='ocrx_word' id='word_1_131' title='bbox 2315 1746 2348 1784; x_wconf 74' lang='lat'><strong><em>¹⁵</em></strong></span> 
     </span>
    </p>

    <p class='ocr_par' dir='ltr' id='par_1_3' title="bbox 306 1819 2357 2535">
     <span class='ocr_line' id='line_1_17' title="bbox 311 1819 2284 1916; baseline -0.002 -20.937"><span class='ocrx_word' id='word_1_132' title='bbox 311 1826 386 1896; x_wconf 87' lang='grc' dir='ltr'><strong><em>τὸ</em></strong></span> <span class='ocrx_word' id='word_1_133' title='bbox 415 1839 648 1914; x_wconf 85' lang='grc' dir='ltr'><strong><em>τεῖχος.</em></strong></span> <span class='ocrx_word' id='word_1_134' title='bbox 717 1824 917 1907; x_wconf 80' lang='grc' dir='ltr'><strong><em>αὐτὸς</em></strong></span> <span class='ocrx_word' id='word_1_135' title='bbox 943 1827 1067 1915; x_wconf 73' lang='grc' dir='ltr'><strong><em>μὲν</em></strong></span> <span class='ocrx_word' id='word_1_136' title='bbox 1100 1819 1230 1897; x_wconf 80' lang='grc' dir='ltr'><strong><em>οὖν</em></strong></span> <span class='ocrx_word' id='word_1_137' title='bbox 1265 1829 1378 1897; x_wconf 90' lang='grc' dir='ltr'><strong><em>διά</em></strong></span> <span class='ocrx_word' id='word_1_138' title='bbox 1405 1855 1475 1898; x_wconf 90' lang='grc' dir='ltr'><strong><em>τε</em></strong></span> <span class='ocrx_word' id='word_1_139' title='bbox 1518 1826 1713 1916; x_wconf 78' lang='grc' dir='ltr'><strong><em>ἰσχὺν</em></strong></span> <span class='ocrx_word' id='word_1_140' title='bbox 1737 1829 1850 1897; x_wconf 83' lang='grc' dir='ltr'><strong><em>καὶ</em></strong></span> <span class='ocrx_word' id='word_1_141' title='bbox 1888 1855 2017 1896; x_wconf 80' lang='grc' dir='ltr'><strong><em>κατ</em></strong></span> <span class='ocrx_word' id='word_1_142' title='bbox 2026 1824 2284 1914; x_wconf 79' lang='grc' dir='ltr'><strong><em>’·έμπει</em></strong></span> 
     </span>
     <span class='ocr_line' id='line_1_18' title="bbox 314 1927 2290 2020; baseline -0.002 -21"><span class='ocrx_word' id='word_1_143' title='bbox 314 1938 471 2019; x_wconf 85' lang='grc' dir='ltr'><strong><em>ρίαν</em></strong></span> <span class='ocrx_word' id='word_1_144' title='bbox 515 1928 915 2019; x_wconf 78' lang='grc' dir='ltr'><strong><em>ἐφυλάττετο</em></strong></span> <span class='ocrx_word' id='word_1_145' title='bbox 952 1959 1034 2000; x_wconf 90' lang='grc' dir='ltr'><strong><em>τα</em></strong></span> <span class='ocrx_word' id='word_1_146' title='bbox 1072 1959 1211 2000; x_wconf 88' lang='grc' dir='ltr'><strong><em>των</em></strong></span> <span class='ocrx_word' id='word_1_147' title='bbox 1245 1927 1590 2001; x_wconf 84' lang='grc' dir='ltr'><strong><em>Ἰουδαίων</em></strong></span> <span class='ocrx_word' id='word_1_148' title='bbox 1633 1933 1833 2020; x_wconf 92' lang='grc' dir='ltr'><strong><em>βέλη,</em></strong></span> <span class='ocrx_word' id='word_1_149' title='bbox 1874 1928 2175 2014; x_wconf 81' lang='grc' dir='ltr'><strong><em>τοξεύων</em></strong></span> <span class='ocrx_word' id='word_1_150' title='bbox 2209 1932 2290 2005; x_wconf 83' lang='grc' dir='ltr'><strong><em>εἰς</em></strong></span> 
     </span>
     <span class='ocr_line' id='line_1_19' title="bbox 306 2027 2288 2126; baseline -0.001 -24"><span class='ocrx_word' id='word_1_151' title='bbox 306 2030 595 2121; x_wconf 79' lang='grc' dir='ltr'><strong><em>αὐτούς,</em></strong></span> <span class='ocrx_word' id='word_1_152' title='bbox 657 2062 736 2102; x_wconf 89' lang='grc' dir='ltr'><strong><em>τα</em></strong></span> <span class='ocrx_word' id='word_1_153' title='bbox 773 2031 1086 2124; x_wconf 87' lang='grc' dir='ltr'><strong><em>μειράκια</em></strong></span> <span class='ocrx_word' id='word_1_154' title='bbox 1124 2031 1190 2103; x_wconf 89' lang='grc' dir='ltr'><strong><em>δ’</em></strong></span> <span class='ocrx_word' id='word_1_155' title='bbox 1225 2031 1410 2126; x_wconf 79' lang='grc' dir='ltr'><strong><em>αὐτῷ</em></strong></span> <span class='ocrx_word' id='word_1_156' title='bbox 1460 2041 1824 2123; x_wconf 85' lang='grc' dir='ltr'><strong><em>συνετρίβη</em></strong></span> <span class='ocrx_word' id='word_1_157' title='bbox 1867 2034 2091 2103; x_wconf 84' lang='grc' dir='ltr'><strong><em>πάντα</em></strong></span> <span class='ocrx_word' id='word_1_158' title='bbox 2132 2027 2288 2118; x_wconf 74' lang='grc' dir='ltr'><strong><em>πλὴν</em></strong></span> 
     </span>
     <span class='ocr_line' id='line_1_20' title="bbox 314 2133 2291 2226; baseline -0.002 -21"><span class='ocrx_word' id='word_1_159' title='bbox 314 2133 593 2225; x_wconf 85' lang='grc' dir='ltr'><strong><em>ὀλίγων·</em></strong></span> <span class='ocrx_word' id='word_1_160' title='bbox 653 2133 767 2205; x_wconf 90' lang='grc' dir='ltr'><strong><em>δια</em></strong></span> <span class='ocrx_word' id='word_1_161' title='bbox 805 2134 934 2225; x_wconf 80' lang='grc' dir='ltr'><strong><em>γὰρ</em></strong></span> <span class='ocrx_word' id='word_1_162' title='bbox 973 2141 1142 2206; x_wconf 75' lang='grc' dir='ltr'><strong><em>αἰδῶ</em></strong></span> <span class='ocrx_word' id='word_1_163' title='bbox 1183 2144 1301 2225; x_wconf 83' lang='grc' dir='ltr'><strong><em>τῆς</em></strong></span> <span class='ocrx_word' id='word_1_164' title='bbox 1334 2134 1750 2225; x_wconf 78' lang='grc' dir='ltr'><strong><em>ὑποσχέσεως</em></strong></span> <span class='ocrx_word' id='word_1_165' title='bbox 1789 2140 2291 2226; x_wconf 86' lang='grc' dir='ltr'><strong><em>προσεφιλονεί-</em></strong></span> 
     </span>
     <span class='ocr_line' id='line_1_21' title="bbox 306 2236 2357 2329; baseline -0.002 -21"><span class='ocrx_word' id='word_1_166' title='bbox 306 2266 418 2308; x_wconf 84' lang='grc' dir='ltr'><strong><em>κει</em></strong></span> <span class='ocrx_word' id='word_1_167' title='bbox 447 2238 818 2327; x_wconf 83' lang='grc' dir='ltr'><strong><em>μαχόμενα,</em></strong></span> <span class='ocrx_word' id='word_1_168' title='bbox 854 2241 968 2308; x_wconf 84' lang='grc' dir='ltr'><strong><em>καὶ</em></strong></span> <span class='ocrx_word' id='word_1_169' title='bbox 994 2236 1246 2322; x_wconf 82' lang='grc' dir='ltr'><strong><em>τέλος’</em></strong></span> <span class='ocrx_word' id='word_1_170' title='bbox 1208 2240 1597 2328; x_wconf 73' lang='grc' dir='ltr'><strong><em>ανεχιόρουν</em></strong></span> <span class='ocrx_word' id='word_1_171' title='bbox 1624 2246 2026 2329; x_wconf 86' lang='grc' dir='ltr'><strong><em>τραυματίαι</em></strong></span> <span class='ocrx_word' id='word_1_172' title='bbox 2055 2243 2289 2317; x_wconf 82' lang='grc' dir='ltr'><strong><em>πολλοί,</em></strong></span> <span class='ocrx_word' id='word_1_173' title='bbox 2315 2251 2357 2290; x_wconf 74' lang='lat'><strong><em>⁹⁵</em></strong></span> 
     </span>
     <span class='ocr_line' id='line_1_22' title="bbox 318 2337 2293 2430; baseline -0.002 -20"><span class='ocrx_word' id='word_1_174' title='bbox 318 2348 764 2421; x_wconf 87' lang='grc' dir='ltr'><strong><em>συννοοῦντες</em></strong></span> <span class='ocrx_word' id='word_1_175' title='bbox 803 2337 905 2410; x_wconf 81' lang='grc' dir='ltr'><strong><em>ὅτι</em></strong></span> <span class='ocrx_word' id='word_1_176' title='bbox 945 2343 1059 2410; x_wconf 85' lang='grc' dir='ltr'><strong><em>καὶ</em></strong></span> <span class='ocrx_word' id='word_1_177' title='bbox 1087 2358 1224 2423; x_wconf 84' lang='grc' dir='ltr'><strong><em>τοῖς</em></strong></span> <span class='ocrx_word' id='word_1_178' title='bbox 1264 2340 1536 2430; x_wconf 78' lang='grc' dir='ltr'><strong><em>άληθῶς</em></strong></span> <span class='ocrx_word' id='word_1_179' title='bbox 1567 2341 2002 2428; x_wconf 85' lang='grc' dir='ltr'><strong><em>Μακεδόσιν,</em></strong></span> <span class='ocrx_word' id='word_1_180' title='bbox 2051 2347 2117 2410; x_wconf 79' lang='grc' dir='ltr'><strong><em>εἰ</em></strong></span> <span class='ocrx_word' id='word_1_181' title='bbox 2151 2341 2293 2428; x_wconf 86' lang='grc' dir='ltr'><strong><em>με’λ-</em></strong></span> 
     </span>
     <span class='ocr_line' id='line_1_23' title="bbox 321 2441 1877 2535; baseline -0.001 -22"><span class='ocrx_word' id='word_1_182' title='bbox 321 2453 504 2535; x_wconf 79' lang='grc' dir='ltr'><strong><em>λοιεν</em></strong></span> <span class='ocrx_word' id='word_1_183' title='bbox 533 2458 837 2532; x_wconf 83' lang='grc' dir='ltr'><strong><em>κρατεῖν,</em></strong></span> <span class='ocrx_word' id='word_1_184' title='bbox 886 2446 1028 2513; x_wconf 90' lang='grc' dir='ltr'><strong><em>δέοι</em></strong></span> <span class='ocrx_word' id='word_1_185' title='bbox 1054 2451 1171 2535; x_wconf 81' lang='grc' dir='ltr'><strong><em>τῆς</em></strong></span> <span class='ocrx_word' id='word_1_186' title='bbox 1188 2441 1631 2535; x_wconf 84' lang='grc' dir='ltr'><strong><em>Ἀλεξάνδρου</em></strong></span> <span class='ocrx_word' id='word_1_187' title='bbox 1659 2445 1877 2533; x_wconf 85' lang='grc' dir='ltr'><strong><em>τύχης.</em></strong></span> 
     </span>
    </p>

    <p class='ocr_par' dir='ltr' id='par_1_4' title="bbox 250 2540 2362 3565">
     <span class='ocr_line' id='line_1_24' title="bbox 250 2540 2297 2638; baseline 0.002 -26"><span class='ocrx_word' id='word_1_188' title='bbox 250 2558 287 2612; x_wconf 83' lang='lat'>4</span> <span class='ocrx_word' id='word_1_189' title='bbox 485 2561 622 2627; x_wconf 90' lang='grc' dir='ltr'><strong><em>τοῖς</em></strong></span> <span class='ocrx_word' id='word_1_190' title='bbox 686 2546 762 2617; x_wconf 76' lang='grc' dir='ltr'><strong><em>δὲ</em></strong></span> <span class='ocrx_word' id='word_1_191' title='bbox 818 2543 1156 2635; x_wconf 89' lang='grc' dir='ltr'><strong><em>Ῥωμαίοις</em></strong></span> <span class='ocrx_word' id='word_1_192' title='bbox 1220 2544 1613 2638; x_wconf 75' lang='grc' dir='ltr'><strong><em>ἀρξαμένοις</em></strong></span> <span class='ocrx_word' id='word_1_193' title='bbox 1677 2546 2028 2636; x_wconf 78' lang='grc' dir='ltr'><strong><em>δωδεκάτῃ</em></strong></span> <span class='ocrx_word' id='word_1_194' title='bbox 2103 2540 2297 2633; x_wconf 69' lang='grc' dir='ltr'><strong><em>μηνὸς</em></strong></span> 
     </span>
     <span class='ocr_line' id='line_1_25' title="bbox 315 2645 2296 2739; baseline -0.004 -20"><span class='ocrx_word' id='word_1_195' title='bbox 315 2648 731 2738; x_wconf 87' lang='grc' dir='ltr'><strong><em>Ἀρτεμισίου</em></strong></span> <span class='ocrx_word' id='word_1_196' title='bbox 786 2652 1238 2739; x_wconf 80' lang='grc' dir='ltr'><strong><em>συνετελέσθη</em></strong></span> <span class='ocrx_word' id='word_1_197' title='bbox 1287 2650 1367 2719; x_wconf 79' lang='grc' dir='ltr'><strong><em>τὰ</em></strong></span> <span class='ocrx_word' id='word_1_198' title='bbox 1409 2646 1675 2739; x_wconf 73' lang='grc' dir='ltr'><strong><em>χῶματα</em></strong></span> <span class='ocrx_word' id='word_1_199' title='bbox 1716 2651 1904 2738; x_wconf 87' lang='grc' dir='ltr'><strong><em>μόλις</em></strong></span> <span class='ocrx_word' id='word_1_200' title='bbox 1950 2647 2157 2736; x_wconf 78' lang='grc' dir='ltr'><strong><em>ἐνάτῃ</em></strong></span> <span class='ocrx_word' id='word_1_201' title='bbox 2197 2645 2296 2714; x_wconf 72' lang='grc' dir='ltr'><strong><em>καὶ</em></strong></span> 
     </span>
     <span class='ocr_line' id='line_1_26' title="bbox 323 2747 2361 2842; baseline 0.003 -21"><span class='ocrx_word' id='word_1_202' title='bbox 323 2753 574 2840; x_wconf 83' lang='grc' dir='ltr'><strong><em>εἰκάδι,</em></strong></span> <span class='ocrx_word' id='word_1_203' title='bbox 631 2767 774 2832; x_wconf 84' lang='grc' dir='ltr'><strong><em>ταῖς</em></strong></span> <span class='ocrx_word' id='word_1_204' title='bbox 814 2751 1144 2822; x_wconf 79' lang='grc' dir='ltr'><strong><em>δεκαεπτὰ</em></strong></span> <span class='ocrx_word' id='word_1_205' title='bbox 1190 2761 1489 2841; x_wconf 73' lang='grc' dir='ltr'><strong><em>συνεχῶς</em></strong></span> <span class='ocrx_word' id='word_1_206' title='bbox 1529 2754 1968 2842; x_wconf 85' lang='grc' dir='ltr'><strong><em>πονουμένων</em></strong></span> <span class='ocrx_word' id='word_1_207' title='bbox 2015 2747 2294 2839; x_wconf 68' lang='grc' dir='ltr'><strong><em>ἡμέραις·</em></strong></span> <span class='ocrx_word' id='word_1_208' title='bbox 2322 2770 2361 2811; x_wconf 68' lang='lat'>⁵</span> 
     </span>
     <span class='ocr_line' id='line_1_27' title="bbox 322 2847 2300 2945; baseline -0.004 -20"><span class='ocrx_word' id='word_1_209' title='bbox 322 2858 597 2945; x_wconf 89' lang='grc' dir='ltr'><strong><em>μέγιστα</em></strong></span> <span class='ocrx_word' id='word_1_210' title='bbox 635 2854 762 2944; x_wconf 78' lang='grc' dir='ltr'><strong><em>γὰρ</em></strong></span> <span class='ocrx_word' id='word_1_211' title='bbox 809 2854 1072 2944; x_wconf 69' lang='grc' dir='ltr'><strong><em>ἔχω’σθη</em></strong></span> <span class='ocrx_word' id='word_1_212' title='bbox 1111 2854 1193 2925; x_wconf 79' lang='grc' dir='ltr'><strong><em>τὰ</em></strong></span> <span class='ocrx_word' id='word_1_213' title='bbox 1236 2859 1552 2944; x_wconf 85' lang='grc' dir='ltr'><strong><em>τέσσαρα,</em></strong></span> <span class='ocrx_word' id='word_1_214' title='bbox 1597 2858 1713 2926; x_wconf 82' lang='grc' dir='ltr'><strong><em>καὶ</em></strong></span> <span class='ocrx_word' id='word_1_215' title='bbox 1751 2855 2050 2943; x_wconf 81' lang='grc' dir='ltr'><strong><em>θάτερον</em></strong></span> <span class='ocrx_word' id='word_1_216' title='bbox 2087 2854 2212 2941; x_wconf 75' lang='grc' dir='ltr'><strong><em>μὲν</em></strong></span> <span class='ocrx_word' id='word_1_217' title='bbox 2231 2847 2300 2917; x_wconf 77' lang='grc' dir='ltr'><strong><em>τὸ</em></strong></span> 
     </span>
     <span class='ocr_line' id='line_1_28' title="bbox 322 2954 2297 3048; baseline -0.004 -19"><span class='ocrx_word' id='word_1_218' title='bbox 322 2961 432 3029; x_wconf 82' lang='grc' dir='ltr'><strong><em>ἐπὶ</em></strong></span> <span class='ocrx_word' id='word_1_219' title='bbox 476 2957 598 3046; x_wconf 81' lang='grc' dir='ltr'><strong><em>τὴν</em></strong></span> <span class='ocrx_word' id='word_1_220' title='bbox 630 2956 994 3029; x_wconf 79' lang='grc' dir='ltr'><strong><em>Ἀντωνίαν</em></strong></span> <span class='ocrx_word' id='word_1_221' title='bbox 1031 2955 1165 3027; x_wconf 81' lang='grc' dir='ltr'><strong><em>ὑπὸ</em></strong></span> <span class='ocrx_word' id='word_1_222' title='bbox 1208 2966 1332 3027; x_wconf 84' lang='grc' dir='ltr'><strong><em>τοῦ</em></strong></span> <span class='ocrx_word' id='word_1_223' title='bbox 1359 2962 1661 3047; x_wconf 84' lang='grc' dir='ltr'><strong><em>πέμπτου</em></strong></span> <span class='ocrx_word' id='word_1_224' title='bbox 1686 2958 2016 3048; x_wconf 85' lang='grc' dir='ltr'><strong><em>τάγματος</em></strong></span> <span class='ocrx_word' id='word_1_225' title='bbox 2057 2954 2297 3043; x_wconf 76' lang='grc' dir='ltr'><strong><em>ἐβλήθη</em></strong></span> 
     </span>
     <span class='ocr_line' id='line_1_29' title="bbox 323 3057 2296 3151; baseline 0.001 -20"><span class='ocrx_word' id='word_1_226' title='bbox 323 3061 489 3132; x_wconf 82' lang='grc' dir='ltr'><strong><em>κατὰ</em></strong></span> <span class='ocrx_word' id='word_1_227' title='bbox 529 3065 735 3151; x_wconf 83' lang='grc' dir='ltr'><strong><em>μέσον</em></strong></span> <span class='ocrx_word' id='word_1_228' title='bbox 764 3069 878 3149; x_wconf 84' lang='grc' dir='ltr'><strong><em>τῆς</em></strong></span> <span class='ocrx_word' id='word_1_229' title='bbox 905 3068 1302 3147; x_wconf 79' lang='grc' dir='ltr'><strong><em>Στρουθίου</em></strong></span> <span class='ocrx_word' id='word_1_230' title='bbox 1344 3064 1761 3150; x_wconf 83' lang='grc' dir='ltr'><strong><em>καλουμένης</em></strong></span> <span class='ocrx_word' id='word_1_231' title='bbox 1808 3057 2296 3148; x_wconf 62' lang='grc' dir='ltr'><strong><em>κολυμβήθρας,</em></strong></span> 
     </span>
     <span class='ocr_line' id='line_1_30' title="bbox 321 3158 2298 3252; baseline 0 -18"><span class='ocrx_word' id='word_1_232' title='bbox 321 3163 394 3235; x_wconf 86' lang='grc' dir='ltr'><strong><em>τὸ</em></strong></span> <span class='ocrx_word' id='word_1_233' title='bbox 441 3164 515 3234; x_wconf 73' lang='grc' dir='ltr'><strong><em>δὲ</em></strong></span> <span class='ocrx_word' id='word_1_234' title='bbox 560 3167 789 3252; x_wconf 78' lang='grc' dir='ltr'><strong><em>ἕτερον</em></strong></span> <span class='ocrx_word' id='word_1_235' title='bbox 839 3159 973 3233; x_wconf 79' lang='grc' dir='ltr'><strong><em>ὑπὸ</em></strong></span> <span class='ocrx_word' id='word_1_236' title='bbox 1014 3171 1135 3232; x_wconf 84' lang='grc' dir='ltr'><strong><em>τοῦ</em></strong></span> <span class='ocrx_word' id='word_1_237' title='bbox 1181 3165 1571 3235; x_wconf 88' lang='grc' dir='ltr'><strong><em>δωδεκάτου</em></strong></span> <span class='ocrx_word' id='word_1_238' title='bbox 1619 3170 1970 3243; x_wconf 76' lang='grc' dir='ltr'><strong><em>διεστῶτος</em></strong></span> <span class='ocrx_word' id='word_1_239' title='bbox 2009 3158 2175 3230; x_wconf 77' lang='grc' dir='ltr'><strong><em>ὅσον</em></strong></span> <span class='ocrx_word' id='word_1_240' title='bbox 2212 3162 2298 3234; x_wconf 66' lang='grc' dir='ltr'><strong><em>εἷς</em></strong></span> 
     </span>
     <span class='ocr_line' id='line_1_31' title="bbox 323 3256 2362 3359; baseline -0.006 -22"><span class='ocrx_word' id='word_1_241' title='bbox 323 3268 549 3358; x_wconf 82' lang='grc' dir='ltr'><strong><em>πήχεις</em></strong></span> <span class='ocrx_word' id='word_1_242' title='bbox 590 3277 821 3337; x_wconf 75' lang='grc' dir='ltr'><strong><em>εἴκοσι.</em></strong></span> <span class='ocrx_word' id='word_1_243' title='bbox 889 3274 981 3359; x_wconf 78' lang='grc' dir='ltr'><strong><em>τῷ</em></strong></span> <span class='ocrx_word' id='word_1_244' title='bbox 1028 3267 1284 3359; x_wconf 73' lang='grc' dir='ltr'><strong><em>δεκάτῳ</em></strong></span> <span class='ocrx_word' id='word_1_245' title='bbox 1327 3267 1404 3337; x_wconf 68' lang='grc' dir='ltr'><strong><em>δὲ</em></strong></span> <span class='ocrx_word' id='word_1_246' title='bbox 1446 3267 1759 3356; x_wconf 87' lang='grc' dir='ltr'><strong><em>τάγματι,</em></strong></span> <span class='ocrx_word' id='word_1_247' title='bbox 1805 3268 2095 3353; x_wconf 88' lang='grc' dir='ltr'><strong><em>διέχοντι</em></strong></span> <span class='ocrx_word' id='word_1_248' title='bbox 2133 3256 2290 3331; x_wconf 74' lang='grc' dir='ltr'><strong><em>πολὺ</em></strong></span> <span class='ocrx_word' id='word_1_249' title='bbox 2320 3279 2362 3323; x_wconf 64' lang='lat' dir='ltr'>a</span> 
     </span>
     <span class='ocr_line' id='line_1_32' title="bbox 322 3359 2291 3459; baseline -0.003 -21"><span class='ocrx_word' id='word_1_250' title='bbox 322 3369 613 3457; x_wconf 84' lang='grc' dir='ltr'><strong><em>τούτων,</em></strong></span> <span class='ocrx_word' id='word_1_251' title='bbox 665 3367 834 3439; x_wconf 76' lang='grc' dir='ltr'><strong><em>κατὰ</em></strong></span> <span class='ocrx_word' id='word_1_252' title='bbox 874 3368 1148 3459; x_wconf 89' lang='grc' dir='ltr'><strong><em>βόρειον</em></strong></span> <span class='ocrx_word' id='word_1_253' title='bbox 1190 3374 1392 3459; x_wconf 83' lang='grc' dir='ltr'><strong><em>κλίμα</em></strong></span> <span class='ocrx_word' id='word_1_254' title='bbox 1432 3369 1506 3441; x_wconf 83' lang='grc' dir='ltr'>τό</span> <span class='ocrx_word' id='word_1_255' title='bbox 1555 3376 1759 3459; x_wconf 80' lang='grc' dir='ltr'><strong><em>ἔργον</em></strong></span> <span class='ocrx_word' id='word_1_256' title='bbox 1791 3359 1879 3457; x_wconf 84' lang='grc' dir='ltr'><strong><em>ἦν</em></strong></span> <span class='ocrx_word' id='word_1_257' title='bbox 1916 3368 2029 3436; x_wconf 76' lang='grc' dir='ltr'><strong><em>καὶ</em></strong></span> <span class='ocrx_word' id='word_1_258' title='bbox 2055 3371 2291 3449; x_wconf 81' lang='grc' dir='ltr'><strong><em>κολυμ-</em></strong></span> 
     </span>
     <span class='ocr_line' id='line_1_33' title="bbox 332 3460 2287 3565; baseline -0.003 -25"><span class='ocrx_word' id='word_1_259' title='bbox 332 3470 491 3504; x_wconf 52' lang='grc' dir='ltr'><strong><em>ώ’</em></strong></span> <span class='ocrx_word' id='word_1_260' title='bbox 525 3500 594 3536; x_wconf 82' lang='grc' dir='ltr'><strong><em>··ν</em></strong></span> <span class='ocrx_word' id='word_1_261' title='bbox 626 3470 1045 3560; x_wconf 80' lang='grc' dir='ltr'><strong><em>Ἀμύγδαλον</em></strong></span> <span class='ocrx_word' id='word_1_262' title='bbox 1086 3476 1794 3565; x_wconf 85' lang='grc' dir='ltr'><strong><em>προσαγορευομένην·</em></strong></span> <span class='ocrx_word' id='word_1_263' title='bbox 1847 3470 2092 3541; x_wconf 78' lang='grc' dir='ltr'><strong><em>τούτου</em></strong></span> <span class='ocrx_word' id='word_1_264' title='bbox 2129 3467 2199 3535; x_wconf 75' lang='grc' dir='ltr'><strong><em>δὲ</em></strong></span> <span class='ocrx_word' id='word_1_265' title='bbox 2224 3460 2287 3531; x_wconf 81' lang='grc' dir='ltr'><strong><em>τὸ</em></strong></span> 
     </span>
    </p>
   </div>
   <div class='ocr_carea' id='block_1_3' title="bbox 2357 245 2374 828">
    <p class='ocr_par' dir='ltr' id='par_1_5' title="bbox 2357 245 2374 828">
     <span class='ocr_line' id='line_1_34' title="bbox 2357 245 2374 828; baseline 0 0"><span class='ocrx_word' id='word_1_266' title='bbox 2357 245 2374 828; x_wconf 95' lang='lat' dir='ltr'><strong><em> </em></strong></span> 
     </span>
    </p>
   </div>
   <div class='ocr_carea' id='block_1_4' title="bbox 2207 3784 2406 3821">
    <p class='ocr_par' dir='ltr' id='par_1_6' title="bbox 2207 3784 2406 3821">
     <span class='ocr_line' id='line_1_35' title="bbox 2207 3784 2406 3821; baseline -0.02 0"><span class='ocrx_word' id='word_1_267' title='bbox 2207 3784 2406 3821; x_wconf 64' lang='grc' dir='ltr'><strong><em>,.-..-Ι--Ι</em></strong></span> 
     </span>
    </p>
   </div>
  </div>
 </body>
</html>
