2450 3875
870 155 1164 218 ΛΟΓΟΣ
1196 153 1546 219 ΠΡΩΤΟΣ
2131 160 2211 221 37

176 313 573 387 Ἀσκάλωνα
613 317 875 403 πέμπει.
965 314 1274 399 κάκεῖνος
1314 315 1708 400 ἀποσπάσας
1755 325 1873 408 τῆς
1909 316 2209 408 Ἀριστο-

183 418 461 503 βούλου
511 416 837 502 γυναικὸς
890 413 1281 503 Ἀντίγονον
1328 419 1440 486 καὶ
1486 414 1603 498 τὰς
1653 415 1949 504 ἀδελφὰς
1992 418 2208 491 αὐτοῦ

185 514 359 600 πρὸς
388 512 511 582 τὸν
540 515 793 600 πατέρα
832 510 1191 601 άνήγαγεν.
1288 512 1496 598 ἁλοὺς
1523 513 1591 585 δ’
1625 520 1822 601 ἔρωτι
1855 533 2056 604 γαμεῖ
2076 518 2205 606 τὴν

185 616 560 699 νεωτέραν,
604 614 713 679 καὶ
752 611 917 699 μετὰ
956 611 1164 683 ταῦθ’
1212 612 1350 686 ὑπὸ
1393 622 1518 683 τοῦ
1560 612 1810 700 πατρὸς
1849 613 1942 684 δι’
1992 615 2206 703 αὐτὴν

121 734 156 776 ⁸
185 717 518 779 κτείνεται
533 737 549 754 ·
589 724 788 798 γαμεῖ
811 709 939 797 γὰρ
963 719 1378 799 Πτολεμαῖος
1403 712 1529 800 τὴν
1548 709 2020 800 Ἀλεξάνδραν,
2047 712 2205 782 ἆνε-

183 809 329 878 anche
357 808 479 878 τὸν
511 806 701 896 υἱόν,
747 810 861 878 καὶ
900 806 1013 879 διὰ
1050 808 1174 879 τὸν
1214 809 1436 898 γάμον
1475 812 2087 900 κηδεμονικώτερος
2120 803 2207 899 ἦν

183 905 359 993 πρὸς
393 907 552 987 τούς
580 904 785 995 αὐτῆς
818 904 1178 995 άδελφούς.

349 1004 777 1091 Ἀντίπατρος
818 1007 893 1075 δὲ
936 1008 1100 1095 μετὰ
1138 1006 1265 1095 τῆν
1310 1015 1668 1097 Πομπηίου
1716 1008 2040 1096 τελευτὴν
2082 1035 2201 1096 με-
2229 1026 2265 1079 3

181 1106 396 1195 ταβάς
432 1105 807 1192 ἐθεράπευε
843 1112 1180 1192 Καίσαρα·
1224 1104 1637 1195 κάπειδήπερ
1674 1107 2123 1195 Μιθραδάτης
2165 1105 2202 1177 ὁ

95 1222 150 1261 ¹⁰
183 1205 663 1293 Περγαμηνός,
714 1203 872 1293 μεθ’
925 1199 1005 1293 ἦς
1052 1199 1220 1294 ἦγεν
1269 1205 1376 1276 ἐπ’
1429 1216 1782 1294 Αἴγυπτον
1827 1206 2203 1294 δυνάμεως,

183 1306 580 1393 εἰργόμενος
613 1311 751 1372 τοῖν
789 1303 956 1373 κατὰ
978 1306 1100 1374 τόν
1122 1307 1515 1393 Πηλούσιον
1538 1308 1843 1395 ἐμβολῶν
1869 1309 1945 1373 ἐν
1964 1302 2205 1375 Ἀσκά-

180 1413 356 1473 λωνι
395 1410 761 1490 κατείχετο,
803 1402 966 1483 τούς
995 1429 1066 1471 τε
1083 1401 1376 1492 Ἀραβας
1413 1409 1601 1486 ξένος
1631 1400 1729 1472 ὧν
1761 1409 2029 1473 ἔπεισεν
2056 1405 2205 1471 ἐπι-

183 1507 554 1586 κουρῆσαι,
595 1505 707 1568 καὶ
753 1497 958 1582 αύτός
1001 1494 1161 1588 ἦκεν
1208 1501 1397 1590 ἄγων
1431 1501 1774 1573 Ἰουδαίων
1815 1508 1908 1583 είς
1946 1522 2204 1590 τρισχι-

182 1606 375 1680 λίους
414 1594 709 1679 ὁπλίτας.
794 1599 1201 1687 παρώρμησε
1243 1601 1317 1669 δὲ
1354 1604 1464 1670 καὶ
1504 1602 1665 1682 τούς
1707 1603 1783 1669 ἐν
1812 1607 2036 1692 Συρίᾳ
2075 1605 2203 1670 δυ-

93 1718 150 1759 15
189 1696 440 1777 νατούς
476 1698 584 1765 ἐπὶ
616 1694 741 1783 τὴν
761 1695 1114 1786 βοήθειαν,
1157 1704 1296 1766 τῶν
1323 1698 1383 1767 τ’
1413 1701 1704 1785 ἐποίκων
1741 1705 1865 1767 τοῦ
1896 1699 2201 1787 Λιβάνου

181 1803 610 1884 Πτολεμαῖον
639 1798 749 1864 καὶ
765 1794 1158 1885 Ἰάμβλιχον,
1198 1797 1294 1867 δι’
1318 1794 1441 1879 οὕς
1459 1803 1535 1866 αἰ
1549 1796 1757 1887 ταύτῃ
1782 1797 2007 1878 πόλεις
2029 1799 2204 1866 ἑτοί-

182 1922 326 1984 μως
353 1893 835 1982 συνεφήψαντο
871 1901 996 1963 τοῦ
1029 1899 1349 1985 πολέμου.
1420 1898 1534 1966 καὶ
1572 1902 1856 1985 θαρρῶν
1891 1891 2023 1984 ἤδη
2056 1902 2201 1964 Μι-

179 1994 529 2081 θραδάτης
568 2000 649 2082 τῇ
687 1997 1194 2083 προσγενομένῃ
1230 1991 1328 2063 δι’
1362 1992 1799 2081 Ἀντίπατρον
1825 1992 2003 2079 ἰσχύι
2034 1991 2203 2079 πρὸς

181 2093 261 2163 τὸ
287 2093 678 2180 Πηλούσιον
702 2091 1061 2182 ἐξελαύνει,
1104 2094 1534 2182 κωλυόμενός
1554 2120 1626 2163 τε
1648 2098 2019 2175 διεξελθεῖν
2040 2094 2201 2160 ἐπο-

95 2216 154 2256 π
186 2195 447 2277 λιόρκει
472 2190 597 2279 τὴν
620 2190 839 2261 πόλιν.
871 2198 1125 2279 γίνεται
1147 2192 1222 2261 δὲ
1251 2190 1380 2261 κάν
1399 2200 1481 2283 τῇ
1503 2199 1845 2283 προσβολῇ
1874 2190 2200 2280 διασημό-

181 2319 382 2374 τατος
395 2290 857 2377 Ἀντίπατρος·
885 2291 961 2359 τὰ
989 2291 1119 2380 γὰρ
1145 2289 1308 2361 καθ’
1337 2289 1549 2362 αὑτὸν
1571 2295 1772 2380 μέρος
1795 2299 1918 2360 τοῦ
1941 2299 2199 2380 τείχους

179 2390 544 2477 διαρρήξας
571 2395 835 2477 πρῶτος
871 2392 1311 2479 εἰσεπήδησεν
1345 2396 1440 2472 είς
1472 2388 1600 2479 τὴν
1624 2393 1827 2461 πόλιν
1857 2387 2023 2479 μετὰ
2059 2396 2200 2459 τῶν

179 2492 315 2563 σύν
337 2488 538 2580 αὐτῷ.
2298 2560 2303 2567 .

352 2592 463 2658 καὶ
494 2587 886 2675 Πηλούσιον
915 2591 1041 2677 μὲν
1066 2588 1274 2677 ἑάλω,
1312 2588 1543 2677 πρόσω
1588 2587 1657 2658 δ’
1693 2587 1943 2668 αὐτοὺς
1975 2588 2198 2667 ἰόντας
2227 2616 2262 2670 4

95 2713 149 2754 π
184 2689 416 2777 εἶργον
459 2680 665 2768 αὖθις
711 2691 781 2757 οἱ
815 2687 942 2775 τὴν
977 2687 1204 2758 Ὀνίου
1250 2690 1931 2778 προσαγορευομένην
1971 2687 2200 2773 χώραν

177 2790 569 2875 κατέχοντες
603 2784 912 2855 Ἰουδαῖοι
934 2786 1321 2874 Αἰγύπτιοι.
1364 2787 1647 2868 τούτους
1670 2789 1744 2856 δὲ
1771 2785 2200 2867 Ἀντίπατρος

178 2886 266 2957 ού
290 2887 511 2976 μόνον
532 2885 624 2975 μὴ
665 2886 957 2955 κωλύειν
980 2891 1267 2974 ἔπεισεν,
1310 2884 1477 2956 ἀλλὰ
1516 2884 1730 2955 καὶτὰ
1756 2886 2097 2973 ἐπιτήδεια
2118 2889 2201 2973 τῇ

176 2984 468 3074 δυνάμει
508 2998 892 3071 παρασχεῖν.
949 2982 1121 3054 ὅθεν
1149 2982 1304 3054 οὐδ’
1345 2988 1414 3053 οἱ
1443 2983 1610 3054 κατὰ
1643 2982 1771 3071 τὴν
1791 2986 2080 3069 Μέμφιν
2101 2984 2199 3049 ἔτι

176 3092 274 3167 είς
307 3099 535 3173 χεῖρας
575 3077 818 3172 ἦλθον,
878 3083 1177 3154 ἑκούσιοι
1207 3083 1284 3152 δὲ
1317 3086 1734 3169 προσέθεντο
1757 3080 2192 3170 Μιθραδάτῃ.

92 3207 146 3249 ³0
179 3183 494 3264 κάκεῖνος
528 3180 664 3270 ἤδη
690 3182 766 3251 τὸ
800 3185 1023 3253 Δέλτα
1051 3181 1436 3269 περιελθών
1473 3183 1844 3271 συνέβαλλε
1882 3194 2022 3261 τοῖς
2054 3189 2200 3250 λοι-

173 3297 328 3364 ποῖς
378 3287 778 3369 Αἰγυπτίοις
830 3287 923 3363 είς
976 3281 1196 3370 μάχην
1245 3282 1414 3349 κατὰ
1473 3286 1697 3368 χῶρον
1750 3276 1827 3359 ὃς
1858 3275 2199 3349 Ἰουδαίων

174 3380 641 3470 στρατόπεδον
681 3388 997 3449 καλεῖται.
1086 3377 1581 3449 κινδυνεύοντα
1632 3378 1707 3447 δὲ
1751 3376 1961 3448 αὐτὸν
2003 3380 2078 3447 ἐν
2119 3382 2201 3467 τῇ
