2450 3875
809 192 1101 255 ΛΟΓΟΣ
1138 192 1578 255 ΤΕΤΑΡΤΟΣ
1989 230 2000 239 ·
2067 193 2184 255 331

179 354 355 426 κατὰ
403 354 483 424 τὰ
526 350 695 425 αλλα
731 361 849 442 τῆς
896 354 1217 436 Ἰουδαίας
1256 360 1538 440 κλίματα
1578 354 1653 423 τό
1698 354 1858 435 τέως
1893 353 2192 444 ἠρεμοῦν
2314 426 2321 435 ,

181 439 568 546 λῃστρικόν.
669 456 978 541 καθάπερ
1034 458 1107 523 δὲ
1155 457 1232 523 ἐν
1272 454 1524 540 σωματι
1540 505 1559 539 ,
1604 459 1728 520 τοῦ
1773 456 2191 538 κυριωτάτου

184 562 721 644 φλεγμαίνοντος
772 555 990 624 πάντα
1036 552 1117 622 τὰ
1168 557 1333 641 μέλη
1391 553 1774 623 συνενόσει·
1844 553 1955 623 διὰ
2020 562 2192 641 γοῦν

183 654 318 741 τὴν
348 658 422 722 ἐν
445 661 527 744 τῇ
566 654 979 742 μητροπόλει,
1000 653 1237 720 στάσιν
1272 656 1382 721 καὶ
1408 649 1701 739 ταραχὴν
1733 648 1967 719 αδειαν
1997 657 2192 737 ἔσχον

127 777 158 818 s
187 757 262 820 οί
316 751 484 820 κατὰ
523 752 649 838 τὴν
703 751 929 838 χώραν
976 751 1261 836 πονηροὶ
1305 756 1440 818 τῶν
1497 749 1851 837 ἁρπαγῶν,
1907 752 2017 817 καὶ
2077 749 2195 829 τὰς

184 856 438 931 οίκείας
474 851 737 918 ἕκαστοι
773 850 998 936 κωμας
1034 847 1451 934 ἁρπάσαντες
1482 852 1707 917 ἔπειτα
1742 854 1834 929 είς
1871 846 1995 935 τὴν
2036 851 2193 934 ἐρη-

185 953 351 1034 μίαν
387 946 751 1035 ἀφίσταντο
775 977 790 991 ·
858 946 1463 1033 συναθροιζόμενοί
1501 972 1572 1014 τε
1613 949 1725 1015 καὶ
1766 946 2194 1033 συνομνύμε·

185 1072 303 1115 νοι
362 1045 528 1116 κατὰ
592 1048 867 1136 λόχους,
930 1053 1245 1132 στρατιᾶς
1309 1045 1434 1133 μὲν
1480 1045 1869 1133 ὀλιγώτεροι
1921 1052 2195 1128 πλείους

187 1149 266 1216 δὲ
331 1153 723 1239 λῃστηρίου,
790 1150 1263 1234 προσέπιπτον-
1312 1149 1514 1230 ίεροες
1566 1148 1679 1213 καὶ
1729 1146 1980 1215 πόλεσι.
2083 1148 2194 1213 καὶ

95 1270 153 1310 ιο
187 1252 570 1315 κακοῦσθαι
610 1247 733 1334 μὲν
762 1249 1194 1333 συνέβαινεν,
1239 1242 1350 1331 ἐφ’
1384 1239 1504 1325 οὓς
1544 1240 1631 1313 ἀν
1673 1241 2072 1333 ὁρμήσειαν,
2103 1242 2196 1326 ὡς

185 1347 266 1413 ἐν
309 1346 573 1436 πολέμῳ
615 1343 1191 1432 καταληφθέντας·
1239 1343 1630 1430 φθάνεσθαι
1670 1346 1744 1412 δὲ
1772 1341 1891 1425 τας
1934 1344 2194 1431 ἀμύνας

186 1441 286 1525 ὥς
327 1450 588 1533 λῃστῶν
632 1442 769 1531 ἅμα
809 1457 951 1525 ταῖς
993 1441 1323 1529 ἁρπαγαῖς
1365 1441 2020 1529 ἀποδιδρασκόντων.
2065 1441 2189 1512 ού·-

185 1544 311 1610 δὲν
355 1539 428 1609 δὲ
478 1543 679 1628 μέρος
717 1533 807 1627 ἦν
847 1548 965 1628 τῆς
1023 1540 1344 1621 Ἰουδαίας
1384 1536 1425 1608 ὃ
1470 1539 1561 1629 μὴ
1605 1546 1687 1629 τῇ
1728 1542 2191 1631 προανεχούσῃ

186 1642 386 1710 πόλει
429 1639 936 1709 συναπώλλυτο.
987 1686 996 1693 -

89 1763 149 1805 ιο
345 1747 553 1809 ταῦτα
577 1740 1027 1831 ’δεσπασιανῷ
1069 1739 1249 1824 παρὰ
1280 1745 1418 1806 τῶν
1453 1736 1847 1826 αὐτομόλων
1883 1743 2191 1826 διηγγέλ-
2217 1772 2255 1825 3

182 1845 362 1922 λετο.
427 1844 664 1927 καίπερ
708 1837 839 1926 γάρ
875 1837 1373 1926 φρουρούντων
1414 1835 1529 1917 τὰς
1566 1839 1838 1920 ἐξόδους
1868 1844 2007 1905 τῶν
2035 1857 2193 1905 στα-

188 1944 484 2006 σιαστῶν
539 1935 797 2020 ἁπάσας
865 1942 976 2007 καὶ
1040 1938 1585 2024 διαφθειρόντων
1658 1935 1818 2018 τούς
1878 1932 2194 2005 ὁπωσοῦν

187 2036 593 2124 προσιόντας
613 2089 634 2124 ,
678 2036 860 2125 ὅμως
902 2029 1074 2124 ἦσαν
1118 2042 1189 2104 οἳ
1219 2035 1675 2105 διελάνθανον
1708 2037 1819 2103 καὶ
1854 2036 2195 2122 καταφεύ-

187 2159 426 2221 γοντες
469 2141 562 2215 εἰς
592 2133 754 2217 τούς
780 2132 1135 2222 Ῥωμαίους
1170 2133 1293 2202 τὸν
1326 2131 1699 2219 στρατηγὸν
1740 2135 1986 2220 ἐνῆγον
2021 2131 2194 2220 ἀμῦ-

93 2259 155 2300 m
194 2259 308 2302 ναι
362 2239 444 2323 τῇ
494 2233 681 2303 πόλει
739 2236 848 2302 καὶ
898 2233 980 2301 τα
1027 2238 1151 2301 τοῦ
1200 2231 1421 2320 δήμου
1475 2238 1838 2318 περισῶσαι
1881 2237 2190 2313 λείψανα·

187 2331 304 2403 διά
359 2333 487 2424 γὰρ
540 2333 666 2421 τὴν
715 2332 885 2422 πρὸς
935 2331 1296 2422 Ῥωμαίους
1358 2329 1637 2401 εὔνοιαν
1691 2328 2075 2421 ἀνῃρῆσθαί
2122 2358 2197 2401 τε

187 2432 351 2515 τούς
403 2434 697 2514 πολλοὺς
738 2436 847 2502 καὶ
896 2431 1329 2503 κινδυνεύειν
1373 2430 1535 2513 τοὺς
1575 2431 1948 2518 περιόντας.
2048 2429 2089 2499 ὃ
2121 2430 2197 2498 δὲ
2328 2511 2339 2521 Ι

192 2537 560 2621 οἰκτείρωνί
594 2530 722 2621 ἤδη
782 2531 899 2614 τὰς
954 2532 1310 2621 συμφορὰς
1366 2530 1592 2601 αὐτῶν
1649 2538 1740 2622 τῷ
1796 2529 1921 2618 μὲν
1969 2534 2197 2598 δοκεῖν

189 2632 735 2720 ἐκπολιορκήσων
777 2629 1118 2701 ἀνίσταται
1164 2631 1243 2701 τὰ
1277 2630 1734 2721 Ἱεροσόλυμα,
1789 2630 1863 2699 τὸ
1912 2633 1954 2697 δ
1971 2627 1989 2652 ’
2031 2627 2196 2716 ἀλη-

88 2754 152 2795 25
192 2731 317 2813 θὲς
357 2730 755 2813 ἀπαλλάξων
797 2738 1199 2818 πολιορκίας.
1289 2736 1425 2800 ἔδει
1481 2730 1555 2799 δὲ
1607 2733 2197 2816 προκαταστρέψα-

187 2840 355 2898 σθαι
392 2828 475 2899 τά
509 2831 871 2917 λειπόμενα
913 2834 1023 2899 καὶ
1059 2830 1272 2918 μηδὲν
1299 2833 1554 2911 ἔξωθεν
1594 2827 1921 2915 ἐμπόδιον
1958 2833 2041 2918 τῇ
2071 2852 2198 2896 πο·

186 2937 453 3021 λιορκία
494 2939 902 3000 καταλιπεῖν.
993 2929 1220 2999 ἐλθών
1265 2938 1435 3017 γοῦν
1483 2932 1591 2998 ἐπὶ
1632 2926 1713 2996 τὰ
1755 2929 2028 3016 Γάδαρα
2069 2955 2200 3016 μη-

185 3029 513 3115 τρόπολιν
573 3036 691 3116 τῆς
750 3035 1043 3117 Περαίας
1103 3030 1470 3118 καρτεράν,
1549 3028 1816 3113 τετράδι
1878 3028 2199 3112 Δύστρου

184 3126 400 3216 μηνὸς
439 3123 717 3195 εἴσεισιν
760 3132 853 3209 είς
892 3125 1018 3214 τὴν
1059 3127 1281 3196 πόλιν.
1369 3128 1481 3195 καὶ
1516 3124 1645 3212 γάρ
1687 3129 1929 3211 ἔτυχον
1966 3128 2036 3192 oc
2072 3128 2194 3192 δυ-

88 3252 151 3293 εο
187 3227 379 3295 νατοὶ
420 3226 644 3315 λάθρα
685 3232 823 3293 τῶν
845 3232 1231 3295 στασιωτῶν
1254 3222 1825 3314 πρεσβευσάμενοι
1870 3220 2039 3306 πρὸς
2070 3218 2200 3288 αύ-

184 3324 311 3392 τόν
364 3325 516 3410 περὶ
567 3325 999 3409 παραδόσεως
1053 3322 1250 3414 πόθῳ
1302 3347 1376 3390 τε
1429 3322 1696 3409 εἰρήνης
1754 3323 1864 3388 καὶ
1917 3316 2030 3386 διὰ
2078 3315 2200 3398 τὰς

124 3483 132 3490 .
184 3423 450 3504 οὐσίας·
493 3426 727 3492 πολλοὶ
768 3423 943 3492 δὲτὰ
964 3423 1241 3510 Γάδαρα
1260 3421 1608 3514 κατῴκουν
1638 3420 1968 3490 πλούσιοι.
2034 3418 2198 3486 τού-
