2450 3875
312 163 393 222 50
732 162 902 224 ΤΟΥ
953 161 1431 230 ΙΟΥΔΑΙΚΟΤ
1477 159 1915 223 ΠΟΛΕΜΟΥ

312 336 456 407 ταῖς
484 324 873 412 ἐπιβουλαῖς
907 322 1151 392 ἑαυτὸν
1183 322 1561 393 ἐκδιδόναι·
1605 324 1813 410 φύσει
1842 320 1975 411 γὰρ
2002 319 2316 404 ἀπίστους

314 422 486 493 εἶναι
539 422 699 505 τούς
749 424 1156 513 βαρβάρους.
1212 427 1413 505 ἔξεισι
1445 420 1511 492 δ’
1533 421 1861 509 Ὑρκανὸν
1910 421 2316 513 παραλαβὼν

314 526 425 593 καὶ
463 525 805 610 Πάκορος,
860 521 951 603 ὥς
991 514 1197 611 ἦττον
1246 520 1729 610 ὑποπτεύοιτο,
1787 523 1897 591 καὶ
1935 522 2315 604 καταλιπών

315 623 477 710 παρ’
503 622 768 713 “Ηραὶδῃ
789 622 974 703 τινὰς
998 649 1137 692 των
1168 626 1554 711 ἐλευθέρων
1583 624 2020 711 καλουμένων
2041 626 2313 710 ἱππέων,

315 737 453 805 τοῖς
481 731 740 802 λοιποῖς
770 725 1154 810 προέπεμπε
1185 721 1565 809 Φασάηλον.
1950 779 1957 788 .
2342 745 2369 786 s

252 836 290 889 4
484 818 576 902 ὥς
597 817 667 888 δ’
703 822 1016 907 ἐγένοντο
1044 818 1210 889 κατὰ
1240 818 1367 907 τὴν
1393 824 1783 906 Γαλιλαίαν,
1825 819 1990 901 τούς
2018 822 2142 906 μὲν
2175 821 2315 890 ἐπι·

309 926 598 1008 χωρίους
636 916 1023 1005 ἀφεστῶτας
1065 920 1176 987 καὶ
1210 919 1288 986 ἐν
1318 932 1458 999 τοῖς
1481 915 1714 998 ὅπλοις
1742 915 1944 998 ὄντας
1982 926 2315 1004 καταλαμ-

311 1019 633 1108 βάνουσι,
678 1023 771 1112 τῷ
800 1015 1104 1106 σατράπῃ
1132 1015 1200 1085 δ’
1241 1016 1689 1104 ἐνετύγχανον
1718 1015 2120 1104 πανούργως
2145 1015 2316 1104 σφό-

309 1122 474 1204 δρα,
518 1117 628 1184 καὶ
656 1128 797 1194 ταῖς
821 1117 1357 1202 φιλοφρονήσεσι
1394 1113 1513 1196 τὰς
1555 1113 1916 1204 ἐπιβουλὰς
1954 1115 2315 1188 καλύπτειν

311 1213 801 1284 ἐνεκελεύοντο.
888 1217 1072 1297 δωρα
1098 1219 1276 1299 γοῦν
1321 1211 1485 1294 δοὺς
1508 1211 1769 1302 αὐτοῖς,
1814 1211 2018 1283 ἔπειτ’
2052 1211 2314 1302 άναχω-
2348 1243 2390 1283 ιι

313 1320 601 1404 ροῦντας
624 1312 837 1399 ἐλόχα.
882 1325 1021 1392 τοῖς
1060 1313 1133 1380 δὲ
1162 1319 1481 1398 αἴσθησις
1509 1317 1760 1398 γίνεται
1791 1319 1907 1399 τῆς
1936 1314 2316 1401 ἐπιβουλῆς,

310 1421 741 1498 καταχθεῖσιν
773 1418 869 1491 είς
895 1436 959 1478 τι
1003 1416 1144 1490 τῶν
1172 1417 1756 1536 παραθαλασσίων
1794 1420 2082 1500 χωρίων,
2126 1409 2172 1481 ὂ
2198 1439 2316 1482 κα-

312 1526 519 1586 λεῖται
557 1511 964 1584 Ἐκδίππων·
1043 1516 1184 1584 ἐκεῖ
1207 1517 1338 1601 γὰρ
1368 1513 1493 1601 τήν
1515 1539 1587 1582 τε
1621 1510 1989 1601 ὑπόσχεσιν
2016 1511 2319 1601 ἤκουσαν

312 1642 449 1684 των
478 1620 712 1702 χιλίων
754 1611 1121 1700 ταλάντων,
1167 1617 1281 1681 καὶ
1317 1609 1410 1693 ὥς
1431 1609 1812 1699 Ἀντνγονος
1853 1613 1970 1694 τὰς
2010 1620 2316 1693 πλείστας

311 1721 450 1784 τῶν
481 1711 646 1797 παρ’
679 1709 908 1792 αὐτοῖς
934 1717 1284 1798 γυναικοῖν
1310 1712 1386 1778 ἐν
1413 1725 1556 1793 ταῖς
1582 1718 2049 1793 πεντακοσίαις
2083 1724 2313 1783 καθω-
2349 1733 2388 1775 ιι

313 1821 513 1883 σίωσε
547 1812 878 1899 Πάρθοις,
904 1808 1008 1879 ὅτι
1039 1836 1111 1879 τε
1148 1816 1652 1897 προελοχίζοντο
1681 1813 1805 1897 μὲν
1833 1808 2062 1892 αὐτοῖς
2090 1816 2168 1880 αἱ
2190 1812 2311 1880 νύ-

309 1942 460 1996 κτες
493 1910 628 1982 ὑπὸ
670 1937 810 1979 των
849 1910 1215 2000 βαρβάρων
1256 1906 1398 1998 άεί,
1441 1908 1644 1979 πάλαι
1674 1905 1739 1978 δ’
1776 1935 1863 1987 αν
1887 1911 1998 1983 καὶ
2026 1910 2315 1998 συνελή-

311 2022 626 2099 φθησαν,
686 2015 748 2077 εί
783 2008 874 2096 μὴ
932 2011 1330 2095 περιέμενον
1386 2009 1461 2075 ἐν
1493 2004 1979 2095 Ἱεροσολύμοις
2008 2005 2318 2098 Ἡρώδην

311 2110 643 2195 πρότερον
671 2114 927 2195 λαβεῖν,
969 2133 1060 2187 ως
1092 2103 1182 2193 μὴ
1229 2105 1754 2194 προπυθόμενος
1777 2133 1858 2174 τα
1892 2104 2038 2176 κατ’
2065 2105 2316 2188 αύτούς

311 2206 702 2296 φυλάξαιτο.
741 2203 933 2274 ταῦτ’
967 2203 1193 2274 ούκέτι
1216 2205 1413 2292 λόχος
1434 2197 1521 2291 ἦν
1556 2205 1795 2294 μόνον,
1840 2202 2009 2276 ἄλλα
2039 2209 2155 2279 καὶ
2182 2207 2318 2295 φύ-
2346 2230 2392 2272 ω

314 2314 524 2384 λακας
551 2300 681 2389 ἤδη
710 2301 1080 2389 πόρρωθεν
1123 2298 1359 2370 αύτων
1399 2305 1706 2390 ἔβλεπον.

248 2426 282 2477 5
334 2432 354 2451 ’
478 2399 561 2471 οὑ
618 2401 753 2489 μὴν
816 2400 1205 2489 Φασάηλος,
1274 2408 1489 2471 καίτοι
1554 2405 1771 2475 πολλοὶ
1825 2413 2318 2491 παραινοῦντος

302 2499 656 2589 Ὀφελλίου
708 2499 993 2587 φεύγειν
1054 2502 1383 2590 (πέπυστο
1435 2498 1563 2587 γάρ
1611 2493 1813 2584 οὗτος
1853 2500 2033 2591 παρὰ
2083 2512 2318 2591 Σαρα-

305 2600 523 2690 μάλλα
551 2608 677 2669 τοῦ
705 2599 1216 2671 πλουσιωτάτου
1242 2598 1392 2668 τότε
1419 2599 1674 2686 Σύρων
1703 2600 1827 2690 τὴν
1854 2602 2181 2685 σύνταξιν
2208 2608 2318 2690 τῆς

305 2706 668 2790 ἐπιβουλῆς
694 2697 920 2788 ὅλην),
956 2709 1346 2770 καταλιπεῖν
1363 2697 1692 2788 Ὑρκανόν
1722 2699 2105 2791 ὑπέμεινεν,
2149 2700 2314 2772 άλλᾶ
2344 2728 2391 2772 τε

305 2808 398 2893 τῷ
422 2799 725 2889 σατράπῃ
754 2799 1163 2885 προσελθων
1194 2826 1517 2888 αντικρυς
1557 2798 1855 2884 ωνείδιζε
1883 2803 2010 2890 τὴν
2035 2806 2314 2892 ἐπιβου-

307 2903 453 2989 λήν,
500 2902 610 2968 καὶ
652 2896 933 2985 μάλισθ’
976 2896 1084 2969 ὅτι
1116 2903 1379 2986 γένοιτο
1422 2907 1730 2982 τοιοῦτος
1767 2901 2126 2990 χρημάτων
2170 2905 2316 2971 ενε-

304 3026 453 3069 κεν·
513 3004 719 3068 πλείω
776 3023 852 3084 γε
898 2995 1035 3085 μὴν
1089 2995 1298 3079 αύτὸς
1332 2994 1509 3083 ὑπὲρ
1559 3006 1888 3086 σωτηρίας
1924 3001 2178 3071 δώσειν
2218 3024 2316 3068 ων

297 3094 676 3184 Ἀντίγονος
743 3093 918 3182 ὑπὲρ
983 3102 1322 3183 βασιλείας
1390 3093 1777 3185 ὑπέσχηται.
1863 3123 2036 3185 προς
2105 3104 2316 3167 ταῦτα

303 3196 706 3282 πανούργως
743 3191 779 3263 ὁ
826 3194 1110 3283 Πάρθος
1148 3192 1540 3281 ἀπολογίαις
1588 3222 1661 3264 τε
1710 3193 1903 3265 καὶ
1865 3222 2096 3284 ορκοις
2142 3193 2311 3264 ἆπο-
2345 3216 2394 3257 ³⁰

302 3293 802 3380 σκευασάμενος
832 3293 960 3380 τὴν
987 3291 1290 3375 ὑποψίαν
1332 3291 1538 3385 ᾤχετο
1584 3293 1754 3382 πρὸς
1788 3294 2126 3383 Πάκορον.
2199 3290 2316 3364 εύ-

301 3391 481 3466 θέως
533 3392 604 3457 δὲ
651 3415 788 3495 των
839 3396 1433 3479 καταλειφθέντων
1474 3395 1782 3483 Πάρθων
1840 3388 1942 3476 οἷς
1994 3397 2311 3481 προσετέ-
