2450 3875
836 144 1131 205 ΛΟΓΟΣ
1170 144 1608 205 ΠΕΜΠΤΟΣ
1963 115 1980 128 “
2109 144 2181 203 19

181 311 260 383 τὸ
288 312 541 383 ναστὸν
568 310 741 397 ὕψος
767 321 905 384 τῶν
937 313 1243 402 πῦργων,
1280 309 1446 402 ὅπερ
1475 304 1563 401 ἦν
1591 319 2013 404 εἰκοσίπηχυ,
2051 341 2178 386 πο-

180 424 485 497 λυτελεῖς
513 406 686 506 ἦσαν
731 415 936 504 οἶκοι,
978 419 1092 487 καὶ
1134 416 1582 503 καθύπερθεν
1622 412 1933 506 ὖπερῶα,
1980 421 2172 501 δεξα-

186 528 396 607 μεναί
428 547 501 589 τε
539 519 708 607 πρὸς
745 518 861 602 τάς
904 526 1041 590 τῶν
1077 515 1299 590 ὑετῶν
1324 514 1658 607 ὑποδοχὰς
1683 522 1827 589 ἐκεῖ
1848 530 2171 610 πλεῖσται,
2215 545 2222 554 ’

184 624 303 692 καὶ
346 630 652 693 πλατεῖαι
678 620 843 693 καθ’
877 625 1158 693 ἕκαστον
1185 618 1438 693 ἄνοδοι.
1519 621 1867 704 τοιούτους
1893 623 2018 712 μὲν
2045 614 2175 695 οὖν

112 750 145 791 ει
182 725 491 814 πύργους
530 724 606 796 τὸ
646 732 874 816 τρίτον
900 742 1113 814 τεῖχος
1149 723 1327 813 εἶχεν
1352 724 1780 814 ἐνενήκοντα·
1829 723 1924 795 τὰ
1951 724 2027 796 δὲ
2052 754 2174 815 με·-

180 829 524 917 ταπύργια
561 828 819 899 τούτων
846 825 976 899 ἀνὰ
1002 827 1233 917 πήχεις
1278 833 1680 909 διακοσίους.
1759 825 1834 898 τὸ
1861 829 1937 900 δὲ
1966 832 2173 918 μέσον

184 937 283 1010 εἰς
322 938 924 1020 τεσσαρεσκαίδεκα
963 933 1300 1019 πύργους,
1348 930 1422 1000 τὸ
1467 930 1541 1000 δὲ
1580 928 1858 1019 ἀρχαῖον
1900 938 1994 1013 εἰς
2022 933 2172 1021 53²5-
2253 1003 2276 1024 .

181 1061 390 1103 κοντα
415 1037 791 1122 μεμέριστο.
858 1042 974 1124 τῆς
1000 1033 1256 1115 πόλεως
1282 1033 1360 1103 δὲ
1387 1031 1422 1104 ὁ
1449 1039 1580 1115 πᾶς
1605 1033 1852 1115 κύκλος
1878 1040 2172 1105 σταδίων

176 1126 270 1224 ἦν
315 1138 669 1225 τριάκοντα
715 1144 939 1227 τριῶν.
1021 1143 1411 1225 θαυμασίου
1437 1136 1536 1205 δὲ
1573 1132 1764 1218 ὄντος
1788 1144 1911 1206 τοῦ
1940 1145 2171 1224 τρίτου

88 1277 139 1315 ιο
176 1245 472 1326 τείχους,
500 1242 1045 1329 θαυμασιώτερος
1074 1237 1296 1327 ἀνεῖχε
1323 1237 1489 1309 κατὰ
1517 1246 1775 1325 γωνίαν
1801 1239 2065 1330 βόρειός
2098 1269 2170 1310 τε

178 1344 295 1411 καὶ
323 1341 491 1430 πρὸς
518 1343 720 1413 δύσιν
746 1340 783 1414 ὁ
810 1343 1107 1432 ψήφινος
1133 1337 1421 1430 πύργος,
1457 1339 1627 1411 καθ’
1660 1337 1743 1411 ὃν
1768 1345 2168 1432 ἐστρατοπε-

177 1445 466 1515 δεύσατο
516 1453 734 1527 Τίτος·
793 1449 902 1517 ἐπὶ
947 1444 1077 1535 γὰρ
1120 1445 1580 1535 ἑβδομήκοντα
1635 1445 1862 1532 πήχεις
1911 1443 2169 1535 ὑψηλὰς

177 1545 300 1635 ῶν,
323 1544 640 1637 Ἀραβίαν
667 1576 741 1619 τε
766 1547 1153 1637 ἀνίσχοντος
1178 1545 1376 1636 ἡλίου
1403 1561 1720 1635 παρεῖχεν
1756 1545 2025 1635 ἀφορᾶν
2053 1552 2168 1619 καὶ

172 1655 368 1740 μέχρι
419 1651 754 1740 θαλάττης
804 1651 885 1722 τὰ
939 1657 1057 1742 τῆς
1082 1648 1412 1739 Ἑβραίων
1461 1656 1864 1741 κληρουχίας
1904 1657 2162 1739 ἔσχατα.

80 1794 131 1836 1⁵
172 1752 557 1841 ὀκτάγωνος
586 1755 662 1825 δὲ
687 1746 791 1844 ἦν.
883 1755 1129 1826 τούτου
1159 1753 1238 1824 δὲ
1270 1749 1589 1842 ἄντικρυς
1621 1749 1657 1822 ὁ
1681 1747 2001 1841 Ἰππικός,
2051 1757 2166 1824 καὶ

167 1853 335 1946 παρ’
392 1853 606 1927 αὐτὸν
656 1857 782 1929 δύο
835 1856 1473 1946 κατεσκευάσθησαν
1515 1855 1642 1944 μὲν
1687 1851 1816 1944 ὑφ’
1858 1850 2164 1945 Ἡρώδου

166 1968 296 2030 τοῦ
324 1964 647 2047 βασιλέως
675 1965 750 2031 ἐν
776 1969 869 2055 τῷ
897 1958 1153 2053 άρχαίω
1179 1967 1404 2048 τείχει,
1432 1961 1720 2047 μέγεθος
1751 1958 1829 2029 δὲ
1854 1960 1967 2029 καὶ
1999 1961 2163 2030 κάλ-

167 2073 286 2144 λος
310 2052 485 2152 ἦσαν
525 2061 700 2133 καὶ’
667 2064 1036 2187 οχυρότητα
1074 2069 1211 2133 τῶν
1237 2060 1406 2134 κατὰ
1429 2059 1553 2151 τήν
1578 2064 1982 2152 οἰκουμένην
2010 2064 2162 2133 διά-

167 2193 396 2253 φοροι.
490 2165 659 2255 πρὸς
705 2194 830 2255 γαρ
868 2174 962 2261 τῶ
1005 2166 1212 2253 φύσει
1253 2162 1699 2258 μεγαλοψύχω
1741 2166 1855 2235 καὶ
1893 2171 1975 2255 τῇ
2004 2168 2161 2256 περὶ

69 2302 129 2345 2⁰
166 2267 295 2357 τὴν
326 2269 525 2340 πόλιν
556 2277 903 2362 φιλοτιμία
944 2268 1071 2360 τὴν
1098 2264 1443 2359 ὑπεροχὴν
1481 2273 1620 2336 τῶν
1655 2264 1931 2357 ἔργων’
1900 2295 1936 2338 ο
1963 2273 2161 2359 βασι-

166 2368 327 2451 λευς
352 2372 646 2443 πάθεσιν
671 2379 944 2455 οἰκείοις
970 2376 1320 2464 ἐχαρίζετο,
1352 2373 1466 2442 καὶ
1498 2372 1673 2460 τρισὶ
1701 2386 1838 2453 τοῖς
1864 2366 2160 2459 ηδίστοις

166 2473 550 2560 προσώποις
578 2472 700 2564 ἀφ’
734 2466 834 2545 ῶν
861 2474 1166 2566 ώνόμασε
1195 2474 1352 2558 τοὺς
1386 2471 1708 2561 πύργους,
1739 2470 2016 2566 ἀδελφῷ
2043 2477 2159 2545 καὶ

168 2582 353 2666 φίλῳ
391 2580 501 2647 καὶ
541 2586 851 2667 γυναικί,
895 2577 1019 2668 τὴν
1045 2577 1316 2668 μνήμην
1348 2574 1679 2665 ἀνέθηκε,
1721 2575 1844 2664 τήν
1868 2580 2030 2664 μέν,
2067 2574 2160 2659 ῶς

164 2679 684 2769 προειρήκαμεν,
713 2689 977 2763 κτείνας
1007 2679 1100 2751 δι’
1133 2687 1369 2768 ἔρωτα,
1406 2677 1564 2759 τούς
1592 2679 1668 2749 δὲ
1693 2675 2055 2768 ἀποβαλών
2081 2683 2156 2749 ἐν

66 2813 126 2854 2⁵
167 2785 437 2875 πολέμω
474 2790 803 2872 γενναίως
844 2782 1407 2873 ἀγωνισαμένους.
1479 2777 1514 2852 ὁ
1556 2782 1683 2871 μὲν
1718 2772 1846 2852 οὖν
1863 2777 2156 2864 Ἱππικὸς

161 2883 299 2955 άπὸ
351 2892 473 2956 τοῦ
530 2894 737 2976 φίλου
792 2888 1367 2977 προσαγορευθεὶς
1428 2885 1840 2975 τετράγωνος
1879 2886 2003 2973 μὲν
2044 2875 2154 2975 ἦν,

163 3016 366 3077 ευρος
396 2990 472 3059 δὲ
498 2991 611 3060 καὶ
637 2996 842 3079 μῆκος
872 3000 1082 3061 εἰκοσι
1115 2989 1230 3060 καὶ
1259 2991 1457 3060 πέντε
1485 2995 1717 3075 πηχῶν
1744 2990 2018 3070 ἕκαστος
2042 2991 2156 3059 καὶ

158 3088 340 3173 υψος
363 3092 739 3181 τριάκοντα,
769 3090 1074 3183 οὐδαμοῦ
1102 3092 1427 3173 διάκενος.
1503 3087 1676 3180 ὑπὲρ
1703 3090 1780 3161 δὲ
1805 3088 1881 3162 τὸ
1907 3098 2155 3181 πληρες

158 3196 277 3265 καὶ
306 3210 447 3276 ταῖς
474 3198 742 3283 πέτραις
769 3200 1256 3285 συνηνωμένον
1284 3201 1378 3277 εἰς
1408 3192 1692 3283 ἐκδοχὴν
1718 3199 1853 3263 τῶν
1881 3190 2156 3283 ομβρων

60 3330 118 3371 ³0
162 3305 596 3388 εἰκοσίπηχυς
632 3299 874 3380 λάκκος
915 3291 1004 3388 ἦν
1056 3298 1129 3371 τὸ
1169 3298 1404 3387 βάθος.
1500 3296 1724 3366 ἐπάνω
1782 3296 1858 3366 δὲ
1908 3295 2156 3365 τούτου

158 3407 467 3492 δίστεγος
493 3402 673 3483 οἰκος
702 3392 825 3491 ἦν,
864 3399 1027 3472 ὅσον
1066 3411 1278 3472 εἰκοσι
1319 3403 1431 3469 καὶ
1469 3402 1668 3469 πέντε
1708 3405 1940 3486 πηχῶν
1966 3396 2041 3467 τὸ
2071 3394 2154 3467 ῧ-

158 3520 327 3591 ψος,
371 3510 463 3587 εἰς
505 3511 776 3577 ποικίλα
804 3508 1234 3598 διῃρημένος,
1277 3499 1450 3592 ὑπὲρ
1490 3498 1572 3572 ὃν
1599 3501 1867 3591 τύρσεις
1896 3501 2021 3589 μὲν
2046 3506 2154 3571 δι-

1752 3613 1788 3673 2
1811 3613 1845 3649 *
