2450 3875
814 184 1108 248 ΛΟΓΟΣ
1157 187 1508 250 ΠΡΩΤΟΣ
2088 189 2166 250 41

144 355 402 438 ἔρημον
425 351 757 431 ἐξουσίας·
788 348 900 416 καὶ
927 352 1117 435 μέχρι
1142 354 1280 416 ποῦ
1302 348 1804 436 πλανηθήσεται
1827 347 1989 419 καθ’-
2008 350 2171 420 ἐαυ-

145 454 275 518 τοῦ
313 455 612 536 βασιλεῖς
654 449 1073 533 ἐπιτρέφων;
1120 445 1284 515 οὐδὲ
1337 446 1468 534 γὰρ
1515 449 1999 534 εἰρωνεύεσθαι
2045 447 2170 537 τὴν

148 546 526 636 ἐπιτροπὴν
570 542 821 626 αὐτοὺς
844 550 973 633 ἔτι,
1008 546 1353 634 φανερούς
1395 544 1461 615 δ’
1498 545 1670 615 εἶναι
1691 549 2016 631 δεσπότας
2037 575 2172 618 πα-

151 653 588 736 ρωσαμένους
640 648 934 733 ἐκεῖνον,
981 655 1050 714 εῖ
1060 672 1140 732 γε
1189 647 1355 733 μήτε
1397 644 1672 727 ἐντολάς
1714 647 1953 729 δόντος
2007 649 2172 736 μήτε

85 771 118 808 ³
153 751 650 827 ἐπιστείλαντος
683 742 898 813 αὐτοῦ
934 745 1304 826 τοσούτους
1328 743 1505 830 παρὰ
1532 743 1652 812 τὸν
1669 742 2011 814 Ἰουδαίων
2049 746 2173 815 νό-

46 910 63 922 ,
151 871 287 934 μον
328 842 670 934 ἀνῄρηκεν
701 841 1033 932 Ἡρώδης·
1077 840 1179 925 ὄν,
1226 849 1288 911 εί
1322 844 1412 930 μὴ
1446 847 1763 932 βασιλεύς
1797 846 1980 913 ἐστιν
2015 841 2168 912 ἀλλ’

153 952 252 1015 ἔτι
296 944 598 1032 ἰδιώτης,
650 948 795 1013 δεῖν
828 947 937 1013 ἐπὶ
987 948 1184 1031 δίκην
1218 941 1434 1036 ἥκειη,
1483 941 1924 1012 ἀποδώσοντα
1966 944 2175 1031 λόγον

154 1041 345 1112 αὐτώ
365 1069 435 1112 τε
450 1045 562 1111 καὶ
581 1056 720 1123 τοῖς
731 1040 1035 1131 πατρίοις
1056 1043 1315 1130 νόμοις,
1338 1048 1410 1110 οἳ
1428 1050 1715 1110 κτείνειν
1739 1044 2024 1131 ἀκρίτως
2046 1039 2175 1111 οὐκ

155 1142 418 1229 ἀφιασι.

64 1261 123 1302 ¹0
333 1239 600 1321 τούτοις
631 1239 797 1309 κατὰ
849 1240 1134 1328 μικρὸν
1128 1238 1450 1326 Ὑρκανὸς
1492 1241 1816 1322 ἐξεκαίετο
1832 1291 1852 1326 ,
1906 1242 2018 1308 καὶ
2053 1238 2176 1325 τὴν
2201 1240 2236 1300 7

156 1336 381 1426 ὀργὴν
436 1347 822 1408 τελευταῖον
874 1339 1154 1458 ἐκρήξας
1216 1337 1437 1408 ἐκάλει
1493 1337 1996 1458 κριθησόμενον
2056 1338 2180 1406 τόν

148 1435 485 1524 Ἡρώδην.
571 1464 608 1507 ο
646 1437 720 1506 δὲ
764 1440 877 1506 καὶ
919 1445 1044 1506 τοῦ
1082 1436 1334 1521 πατρὸς
1366 1442 1863 1525 παραινοῦντος
1898 1437 2010 1504 καὶ
2041 1463 2181 1504 των

159 1535 575 1621 πραγμάτων
615 1537 948 1604 διδόντων
994 1540 1374 1623 παρρησίαν
1403 1533 1617 1624 ἀνῄει,
1664 1548 1996 1623 φρουραῖς
2029 1538 2183 1602 δια-

160 1632 398 1723 λαβών
425 1635 758 1722 πρότερον
780 1633 907 1728 τὴν
925 1641 1317 1704 Γαλιλαίαν.
1392 1634 1501 1724 ᾔει
1531 1633 1606 1703 δὲ
1640 1638 1805 1723 μετὰ
1846 1641 2181 1724 καρτεροῦ

73 1761 132 1803 15
166 1740 489 1820 στίφους,
535 1730 624 1814 ὥς
662 1731 826 1821 μήτε
869 1733 1234 1802 καταλύειν
1282 1734 1546 1815 δόξειεν
1584 1731 1912 1821 Ὑρκανὸν
1964 1730 2182 1820 ἁδρὰν

162 1830 358 1919 ἄγων
385 1832 705 1920 δύναμιν,
749 1831 912 1921 μήτε
935 1831 1193 1919 γυμνός
1216 1834 1489 1921 ἐμπέσοι
1511 1839 1604 1923 τῷ
1627 1832 1896 1923 φθόνῳ.
1936 1838 2181 1914 Σέξτος

164 1935 240 2003 δὲ
255 1940 518 2020 Καῖσαρ
541 1935 763 2014 δείσας
785 1934 937 2021 περὶ
959 1940 1052 2025 τῷ
1074 1941 1335 2023 νεανίᾳ,
1357 1934 1448 2021 μή
1470 1960 1534 2002 τι
1548 1930 1726 2021 παρὰ
1756 1949 1894 2015 τοῖς
1915 1938 2185 2020 ἐχθροῖς

164 2029 594 2118 ἀποληφθεὶς
615 2030 826 2121 πάθῃ,
840 2035 1082 2118 πέμπει
1097 2031 1268 2120 πρὸς
1280 2030 1727 2118 τὸνῪρκανὸν
1740 2032 1899 2114 τοὺς
1922 2060 2185 2120 παραγ-

165 2135 538 2216 γελοῦντας
598 2129 974 2217 διαρρήδην
1021 2126 1351 2200 ἀπολύειν
1382 2127 1692 2218 “Ηρώδην
1734 2137 1849 2218 τῆς
1894 2138 2185 2218 φονικῆς

77 2252 138 2293 20
169 2231 381 2316 δίκης.
426 2224 472 2297 ὃ
496 2229 703 2298 δὲκαὶ
727 2226 946 2312 ἄλλως
975 2226 1370 2319 ὡρμημένος
1407 2227 1660 2322 (ἠγάπα
1689 2231 1817 2321 γὰρ
1839 2228 2179 2321 Ἡρώδην)

167 2327 679 2413 ἀποψηφίζεται.

341 2428 457 2495 καὶ
507 2423 584 2507 ὃς
629 2422 1136 2515 ὑπολαμβάνων
1176 2424 1462 2509 ἄκοντος
1502 2434 1628 2497 τοῦ
1667 2434 1989 2518 βασιλέως
2034 2435 2187 2500 δια-
2214 2450 2253 2505 8

85 2564 90 2573 ·
169 2539 446 2616 φυγεῖν,
490 2530 583 2606 εἰς
617 2523 990 2614 Δαμασκὸν
1033 2523 1419 2613 ἀνεχώρησε
1448 2527 1618 2616 πρὸς
1649 2532 1923 2617 Σέξτον,
1967 2554 2186 2615 παρα-

170 2621 664 2708 σκευαζόμενος
691 2619 836 2692 ούδ’
871 2617 1078 2703 αὖθις
1095 2619 1482 2692 ὑπακοῦσαι
1507 2632 1846 2694 καλοῦντι.
1914 2628 2023 2694 καὶ
2054 2626 2186 2694 πά-

87 2753 142 2794 a
174 2734 290 2795 λιν
310 2728 385 2792 οἱ
404 2725 691 2810 πονηροὶ
714 2722 1122 2808 παρώξυνον
1137 2720 1487 2812 Ὑρκανόν,
1512 2722 1659 2793 κατ’
1683 2724 1899 2812 ὀργήν
1911 2751 1982 2793 τε
2009 2734 2189 2812 οἴχε-

172 2835 341 2895 σθαι
357 2822 481 2892 τὸν
485 2819 796 2909 Ἡρώδην
810 2824 1118 2908 λέγοντες
1133 2825 1244 2891 καὶ
1259 2826 1895 2911 παρεσκευασμένον
1906 2823 2040 2893 κατ’
2059 2821 2213 2892 αύ-

173 2931 320 2994 τοῠ.
374 2920 715 2990 πιστεύων
741 2916 879 2988 δ’ὁ
910 2919 1232 3009 βασιλεύς
1257 2922 1386 2991 οὐκ
1411 2921 1639 3010 εἶχενο
1651 2949 1715 2991 τι
1741 2921 1865 3010 χρὴ
1882 2929 2073 3009 δρᾶν
2098 2921 2190 3005 ὥς

175 3022 357 3109 ἐώρα
379 3024 648 3109 μείζονα
671 3017 795 3087 τὸν
817 3019 1173 3105 διάφορον.
1237 3022 1379 3089 ἐπεὶ
1402 3017 1539 3088 δὲε
1501 3019 1635 3088 υπὸ
1654 3022 1910 3101 Σέξτου
1934 3027 2189 3089 Καίσα-

178 3146 299 3206 ρος
317 3116 691 3205 στρατηγὸς
714 3114 1073 3205 ἀνεδείχθη
1101 3124 1351 3206 Κοίλης
1372 3125 1629 3204 Συρίας
1653 3120 1763 3187 καὶ
1789 3126 2189 3208 Σαμαρείας,

96 3249 148 3293 ao
182 3218 269 3288 ού
291 3217 511 3305 μόνον
532 3242 606 3285 τε
634 3213 785 3285 κατ’
813 3213 1091 3285 εὔνοιαν
1112 3215 1239 3304 τὴν
1251 3218 1325 3285 ἐκ
1339 3223 1467 3285 τοῦ
1476 3222 1727 3298 ἔθνους
1744 3214 1912 3287 ἀλλὰ
1934 3221 2042 3287 καὶ
2065 3223 2192 3288 δυ-

175 3316 376 3404 νάμει
425 3315 725 3403 φοβερός
764 3308 874 3404 ἦν,
915 3321 1007 3396 είς
1039 3321 1321 3403 ἔσχατον
1364 3318 1561 3396 δέους
1598 3317 1978 3398 κατέπεσεν,
2023 3314 2193 3386 ὅσον

178 3412 375 3485 οὔπω
407 3418 811 3503 προσδοκῶν
839 3410 948 3483 ἐπ’
993 3411 1205 3482 αὐτὸν
1233 3410 1560 3504 ὁρμήσειν
1589 3414 1754 3502 μετὰ
1776 3421 2107 3503 στρατιᾶς.
