2450 3875
294 172 371 235 16
718 171 883 233 ΤΟΥ
915 169 1394 234 ΙΟΥΔΑΙΚΟΥ
1433 172 1866 235 ΠΟΛΕΜΟΥ

289 338 632 422 κατῆλθεν
663 332 701 403 ὅ
746 334 907 416 λαός
941 339 1035 416 εἰς
1063 332 1189 422 τὴν
1211 335 1437 421 χῶραν
1464 329 1867 421 ἀπαλλαγεὶς
1901 338 2018 422 τῆς
2052 334 2129 403 ἐν
2154 341 2295 403 Βα-

291 439 550 523 βυλῶνι
589 439 895 518 δουλείας
915 463 930 477 ·
975 440 1114 503 τῶν
1148 433 1223 502 δὲ
1263 431 1582 521 ἀδελφῶν
1612 433 1737 503 τὰν
1767 433 1894 522 μὲν
1923 432 2080 522 μεθ’
2132 434 2296 504 ἔαυ-

288 532 412 601 τόν
457 530 843 621 Ἀντίγονον
888 533 1154 624 (ἐδόκει
1209 530 1339 621 γάρ
1380 530 1692 623 ἀγαπᾶν)
1746 525 1914 619 ἦγεν
1962 537 2292 622 ἰσοτίμως,

287 631 450 712 τούς
486 629 553 700 δ’
596 630 842 713 ἄλλους
875 635 1178 719 εἵργνυσι
1208 631 1434 719 δήσας.
1487 635 1722 720 δεσμεῖ
1750 632 1825 700 δὲ
1859 632 1972 700 καὶ
2001 629 2128 719 τὴν
2160 658 2295 720 μη-

284 733 448 819 τέρα
484 734 946 818 διενεχθεῖσαν
1002 734 1155 820 περὶ
1202 738 1322 819 τῆς
1370 734 1672 813 ἐξουσίας
1715 729 1996 821 (ταύτην
2037 728 2168 818 γὰρ
2206 730 2296 819 δὴ
2328 753 2355 793 5

284 834 532 915 κυρίαν
552 836 689 898 τῶν
711 827 892 899 ὅλων
914 827 951 898 ὁ
972 827 1283 917 Ἰωάννης
1310 827 1788 916 ἀπολελοίπει),
1823 828 1936 897 καὶ
1956 830 2148 915 μέχρι
2175 853 2296 912 το,-

283 928 539 1016 σαύτης
571 924 911 1017 ῶμότητος
943 933 1293 1018 προῆλθεν
1326 926 1497 997 ῶστε
1534 928 1648 998 καὶ
1679 932 1853 1021 λιμῷ
1894 930 2296 1015 διαφθεῖραι

286 1026 669 1114 δεδεμένην.

216 1142 256 1196 2
457 1127 867 1214 περιέρχεται
900 1126 974 1194 δὲ
998 1121 1183 1217 αὐτῷ
1214 1121 1257 1213 ἡ
1280 1129 1446 1206 τίσις
1466 1129 1562 1206 εἰς
1591 1124 1714 1196 τὸν
1761 1120 2062 1212 ἀδελφόν
2076 1120 2297 1191 Ἀντί-

280 1249 524 1313 γονον,
566 1222 652 1293 ὃν
684 1222 912 1311 ἠγάπα
938 1250 1011 1293 τε
1051 1225 1164 1293 καὶ
1203 1231 1322 1311 τῆς
1362 1230 1701 1314 βασιλείας
1742 1222 2080 1295 κοινωνόν
2122 1222 2292 1311 εἶχε·
2332 1251 2376 1292 ιο

279 1328 526 1394 κτείνει
548 1322 677 1409 γάρ
699 1324 811 1390 καὶ
845 1328 1091 1391 τοῦτον
1110 1325 1186 1392 ἐκ
1208 1325 1585 1412 διαβολῶν,
1615 1319 1698 1405 ἃς
1726 1327 1797 1393 ol
1827 1326 2112 1411 πονηροὶ
2147 1327 2296 1391 τῶν

279 1416 450 1488 κατά
484 1422 560 1489 τὸ
596 1425 936 1509 βασίλειον
968 1421 1517 1490 ἐνεσκευάσαντο.
1592 1419 1675 1489 τὰ
1717 1422 1842 1509 μὲν
1884 1412 2014 1488 οὖν
2056 1425 2295 1503 πρῶτα

281 1522 614 1608 διηπίστει
652 1531 793 1601 τοῖς
817 1522 1202 1607 λεγομένοις
1237 1518 1273 1589 ὁ
1304 1519 1850 1610 Ἀριστόβουλος,
1889 1517 2008 1590 ἅτε
2050 1520 2135 1609 δὴ
2176 1526 2296 1589 καὶ

279 1617 406 1687 τὸν
442 1616 743 1708 ἀδελφὸν
783 1616 1064 1707 ἀγαπῶν
1096 1623 1210 1690 καὶ
1241 1619 1478 1704 διδοὺς
1503 1622 1753 1712 φθόνῳ
1784 1621 1867 1689 τὰ
1901 1620 2127 1704 πολλὰ,
2145 1625 2294 1688 τῶν

277 1718 876 1806 λογοποιουμένων
892 1746 907 1762 ·
954 1715 1045 1800 ὥς
1078 1717 1146 1788 δ’
1188 1716 1225 1789 ό
1260 1716 1639 1806 Ἀντίγονος
1665 1717 1968 1807 λαμπρὸς
2000 1716 2131 1788 ἀπό
2165 1724 2290 1806 τῆς
2326 1743 2372 1784 15

279 1821 626 1903 στρατείας
647 1808 863 1905 ἦλθεν
887 1822 980 1899 εἰς
1000 1815 1126 1905 τὴν
1147 1816 1386 1906 ἑορτὴν
1407 1818 1484 1886 έν
1502 1810 1550 1909 ᾗ
1568 1829 2124 1906 σκηνοποιεῖσθαι
2151 1819 2290 1888 πά·-

279 1940 473 2002 τριον
492 1920 587 2008 τῷ
605 1921 771 2007 θεῷ,
802 1917 1055 2004 συνέβη
1077 1916 1200 2004 μὲν
1230 1914 1381 1987 κατ’
1410 1918 1669 1999 ἐκείνας
1685 1917 1802 2000 τὰς
1825 1913 2073 2006 ἡμέρας
2102 1916 2291 2011 νόσῳ

279 2017 660 2106 χρήσασθαι
684 2016 805 2087 τὸν
831 2015 1372 2107 Ἀριστόβουλον,
1404 2016 1525 2087 τὸν
1545 2021 1619 2089 δὲ
1638 2015 2026 2106 Ἀντίγονον
2046 2020 2156 2088 ἐπὶ
2176 2024 2290 2089 τέ·-

279 2124 382 2184 λει
415 2121 533 2202 τῆς
567 2114 800 2202 ἑορτῆς
833 2112 1176 2205 ἀναβάντα
1209 2116 1374 2205 μετὰ
1396 2124 1534 2187 τῶν
1553 2118 1706 2207 περὶ
1736 2115 1945 2189 αὑτὸν
1965 2116 2289 2208 ὁπλιτῶν,

280 2210 371 2295 ὥς
404 2216 567 2300 ἐνῆν
583 2211 868 2299 μάλιστα
901 2217 1423 2305 κεκοσμημένον,
1459 2224 1924 2306 προσκυνῆσαι
1960 2216 2038 2287 τὸ
2072 2219 2286 2288 πλέον
2319 2231 2372 2272 ²⁰

277 2308 452 2398 ὑπὲρ
497 2307 856 2397 τάδελφοῦ.
919 2309 1053 2382 κάν
1085 2313 1307 2405 τούτῳ
1343 2312 1736 2403 προσιόντες
1769 2318 1840 2384 ol
1865 2317 2154 2405 πονηροὶ
2191 2323 2288 2407 τῷ

277 2416 543 2499 βασιλεῖ
588 2408 714 2497 τήν
754 2416 840 2479 τέ
880 2408 1155 2500 πομπὴν
1193 2418 1335 2481 τῶν
1379 2410 1675 2483 ὁπλιτῶν
1715 2413 2007 2502 ἐδήλουν
2047 2418 2162 2483 καὶ
2206 2412 2285 2483 τὸ

275 2507 674 2595 παράστημα
704 2507 779 2577 τὸ
811 2505 1206 2596 Ἀντιγόνου
1240 2515 1465 2598 μεῖζον
1496 2507 1709 2599 ἢκατ’
1738 2510 2033 2601 ἰδιώτην,
2069 2509 2179 2580 ὅτι
2212 2537 2289 2580 τε

267 2612 516 2695 ,παρείη
553 2604 717 2693 μετὰ
749 2614 1082 2695 μεγίστων
1101 2609 1589 2698 συνταγμάτων
1616 2607 2005 2700 ἀναιρήσων
2036 2608 2282 2680 αὐτόν·

275 2705 362 2776 οὐ
386 2707 516 2795 γάρ
539 2705 899 2793 ἀνέχεσθαι
916 2706 1118 2795 τιμὴν
1136 2706 1354 2794 μόνον
1374 2710 1449 2777 ἐκ
1472 2714 1810 2799 βασιλείας
1836 2713 2033 2799 ἔχειν,
2057 2708 2285 2797 παρόν
2314 2728 2365 2769 2⁵

214 2824 253 2879 3
279 2804 496 2893 αὐτὴν
522 2820 891 2894 κατασχεῖν.
934 2804 1200 2888 τούτοις
1226 2807 1395 2876 κατά
1416 2807 1663 2895 μικρόν
1681 2805 1870 2878 ἄκων
1890 2811 2282 2879 ἐπίστευσεν

268 2902 799 2993 Ἀριστόβουλος,
822 2906 935 2974 καὶ
957 2910 1275 2994 προνοῶν
1295 2912 1422 2975 τοῦ
1436 2903 1606 2995 μήθ’
1633 2903 2040 2976 ὑποπτεύων
2064 2934 2285 2995 φανε-

274 3003 395 3091 ρός
437 3005 757 3091 γενέσθαι
785 3006 897 3073 καὶ
930 3010 1480 3092 προησφαλίσθαι
1513 3003 1685 3094 πρός
1714 3002 1791 3074 τὸ
1827 3002 2101 3096 ἄδηλον,
2149 3011 2283 3076 διί-

273 3122 466 3190 στησι
508 3103 633 3190 μὲν
665 3102 827 3188 τούς
870 3103 1445 3192 σωματοφυλακας
1487 3107 1563 3172 ἕν
1591 3129 1725 3173 τινι
1763 3109 1905 3173 τῶν
1929 3101 2282 3192 ὑπογαίων

274 3198 568 3288 ἀλαμπεῖ
584 3203 948 3293 (κατέκειτο
971 3199 1039 3272 δ
1077 3205 1154 3271 έν
1175 3209 1260 3293 τῇ
1292 3203 1484 3293 βάρει
1518 3206 1852 3293 πρότερον
1872 3209 2368 3296 καλουμένῃ,ω

278 3289 484 3379 αυθις
525 3296 593 3368 δ’
631 3296 953 3391 Ἀντωνία
994 3307 1646 3394 μετονομασθείσῃ),
1700 3303 2073 3390 προστάξας
2113 3302 2281 3373 ἀνό·

278 3401 453 3461 πλον
487 3395 610 3481 μὲν
632 3394 1030 3487 ἀπέχεσθαι,
1064 3404 1353 3481 κτείνειν
1375 3402 1449 3470 δὲ
1472 3400 1592 3471 τὸν
1615 3400 2001 3491 Ἀντίγονον
2023 3408 2087 3473 εί
2114 3403 2280 3491 μετὰ
