2450 3875
241 161 360 250 1'26
697 190 862 249 Tor
881 187 1357 249 ΙΟΥΔΑῙΚΟΥ
1395 185 1830 251 ΠΟΛΕΜΟΥ

237 350 397 431 τούς
434 346 571 444 ἅμα
607 362 745 430 τοῖς
777 363 1125 438 σοφισταῖς
1169 353 1536 418 κατέκαυσε
1570 314 1849 439 ζῶντας,
1907 347 2068 432 τούς
2097 358 2246 420 λοι-

242 447 413 530 πούς
456 450 530 518 δὲ
563 455 701 517 τῶν
738 453 1274 536 συλληφθέντων
1317 451 1665 535 παρέδωκε
1705 462 1844 530 τοῖς
1881 445 2246 550 ὑπηρέταις

239 546 526 617 ἀνελεῖν.

175 665 209 720 5
410 649 615 715 ἔνθεν
640 641 857 713 αὐτοῦ
876 645 951 713 τὸ
977 651 1169 734 σῶμα
1197 651 1334 714 πᾶν
1353 642 1396 732 ἡ
1420 646 1625 725 νόσος
1643 650 2061 735 διαλαβοῦσα
2089 673 2243 716 ποι-

236 747 461 826 πίλοις
476 743 724 812 πάθεσι
756 748 1175 830 διεμερίζετο.
1244 742 1534 830 πυρετὸς
1561 743 1685 832 μὲν
1727 742 1857 831 γὰρ
1886 737 1975 831 ἦν
2003 744 2087 813 οὐ
2118 743 2241 813 λά-
2277 769 2308 812 5

235 852 434 934 βρος,
479 841 774 931 κνησμὸς
813 840 879 912 δ’
927 841 1267 931 ἀφόρητος
1311 850 1429 929 τῆς
1476 846 1867 929 ἐπιφανείας
1898 843 2092 932 ὅλης,
2136 846 2250 912 καὶ

236 944 463 1013 κῶλον
493 957 793 1029 συνεχεῖς
826 941 1226 1032 ἀλγηδόνες,
1265 950 1424 1029 περί
1468 968 1541 1011 τε
1572 941 1733 1021 τούς
1775 943 1987 1024 πόδας
2021 940 2247 1030 ῶσπερ

233 1043 714 1130 ὑδρωπιῶντος
750 1044 1109 1130 οἰδήματα,
1153 1049 1280 1111 τοῦ
1323 1068 1397 1111 τε
1451 1039 1664 1129 ἤτρου
1695 1042 2088 1131 φλεγμονή,
2134 1046 2248 1111 καὶ

236 1146 499 1210 αἰδοίου
522 1139 836 1226 σηπεδῶν
864 1140 1211 1228 σκώληκας
1242 1146 1568 1227 γεννῶσα.
1635 1139 1803 1226 πρὸς
1838 1139 2102 1222 τούτοις
2124 1138 2249 1229 ὀρ·-

236 1241 539 1310 θόπνοια
567 1241 678 1308 καὶ
700 1242 1036 1308 δύσπνοια
1054 1244 1162 1308 καὶ
1186 1237 1528 1327 σπασμοὶ
1497 1241 1814 1309 απάντων
1830 1246 1969 1308 τῶν
1998 1247 2246 1330 μελῶν,
2283 1261 2337 1301 ¹⁰

240 1338 409 1408 ῶστε
442 1364 605 1419 τους
636 1325 1140 1420 ἐπιθειάζοντας
1162 1338 1411 1426 ποινὴν
1443 1336 1616 1407 εἶναι
1638 1344 1775 1407 τῶν
1809 1346 2153 1425 σοφιστῶν
2166 1337 2249 1406 τὰ
2341 1359 2348 1370 ’

236 1438 847 1525 νοσήματα·λέγειν.
894 1437 931 1506 6
922 1437 1035 1507 δὲ
1064 1445 1369 1507 παλαίων
1382 1436 1730 1520 τοσούτοις
1753 1438 2046 1508 πάθεσιν
2069 1464 2252 1526 ομως

237 1542 365 1605 τοῦ
410 1541 529 1624 ζῆν
559 1533 925 1625 ἀντείχετο,
963 1543 1307 1659 σωτηρίαν
1341 1562 1413 1604 τε
1460 1533 1691 1622 ἤλπιζε
1732 1539 1841 1603 καὶ
1883 1542 2252 1619 θεραπείας

237 1637 522 1705 ἐπενόει.
583 1636 822 1727 διαβας
862 1643 1036 1723 γοῦν
1064 1635 1186 1706 τὸν
1209 1634 1555 1722 Ἰορδάνην
1586 1648 1725 1716 τοῖς
1753 1633 1921 1703 κατὰ
1951 1641 2252 1755 Καλλιρ-

243 1738 411 1824 ρόην
454 1747 736 1823 θερμοῖς
789 1737 1119 1858 ἐκέχρητο.
1204 1742 1418 1805 ταῦτα
1464 1738 1539 1804 δὲ
1596 1739 1795 1815 ἔξεισι
1832 1732 1956 1822 μὲν
1996 1739 2091 1814 εἰς
2118 1732 2248 1819 τὴν
2287 1753 2341 1797 ιε

234 1836 658 1924 Ἀσφαλτῖτιν
679 1840 943 1932 λίμνην,
989 1834 1126 1905 ὑπὸ
1141 1837 1556 1922 γλυκύτητος
1581 1831 1645 1903 δ’
1678 1833 1817 1902 ἐστὶ
1845 1833 1955 1901 καὶ
1977 1831 2248 1919 πότιμα.

242 1935 445 2017 δόξαν
488 1932 556 2004 δ’
608 1938 911 2003 ἐνταῦθα
943 1948 1081 2015 τοῖς
1124 1941 1375 2023 ἰατροῖς
1403 1934 1599 2024 ε’λαίω
1633 1938 1868 2021 θερμῶ
1908 1937 2045 1998 πᾶν
2080 1928 2255 1998 ἀνα-

239 2035 501 2115 θάλψαι
546 2031 621 2101 τό
661 2038 884 2121 σῶμα,
929 2034 1266 2121 χαλασθὲν
1318 2036 1411 2112 εἰς
1451 2002 1679 2100 ἐλάίου
1718 2030 1939 2116 πλήρη
1972 2028 2253 2115 πύελον,

196 2220 201 2225 .
242 2131 469 2200 ἐκλύει
508 2155 580 2198 τε
620 2128 782 2209 τούς
808 2128 1238 2217 ὀφθαλμοὺς
1252 2130 1365 2199 καὶ
1400 2156 1492 2210 ως
1534 2126 1831 2209 τεθνεώς
1859 2126 2250 2212 ἀνέστρεψε.

242 2229 560 2317 θορύβου
600 2230 672 2296 δὲ
706 2234 845 2297 τῶν
866 2229 1314 2316 θεραπόντων
1346 2224 1716 2316 γενομένου
1761 2226 1930 2314 πρὸς
1970 2228 2097 2313 μὲν
2122 2251 2256 2312 την
2280 2249 2344 2292 ω

244 2327 489 2419 φωνὴν
518 2327 909 2416 ἀνήνεγκεν,
956 2334 1048 2409 εἰς
1062 2329 1137 2397 δὲ
1159 2328 1235 2397 τὸ
1254 2329 1498 2397 λοιπὸν
1519 2325 1864 2414 ἀπογνούς
1885 2324 2008 2412 τὴν
2033 2345 2258 2412 σωτη-

244 2436 416 2519 ρίαν,
450 2441 590 2508 τοῖς
616 2453 689 2496 τε
713 2427 1147 2518 στρατιώταις
1178 2425 1310 2496 ἀνὰ
1341 2425 1637 2514 δραχμὰς
1667 2422 2086 2513 πεντήκοντά
2104 2429 2260 2493 ἐκέ-

241 2538 441 2598 λευσε
474 2531 808 2616 διανεῖμαι
835 2522 1184 2595 καὶπολλὰ
1216 2526 1517 2613 χρήματα
1537 2538 1677 2605 τοῖς
1688 2520 1968 2611 ἡγεμόσι
1991 2526 2102 2592 καὶ
2114 2536 2260 2604 τοῖς

242 2633 484 2715 φίλοις.

140 2800 144 2809 ,
179 2751 216 2806 6
360 2794 365 2807 ,
413 2723 616 2807 αὐτὸς
639 2727 713 2795 δὲ
740 2724 1191 2812 ὑποστρέφων
1224 2721 1316 2805 ὥς
1344 2731 1437 2806 εἰς
1453 2723 1855 2812 Ἱεριχοῦντα
1882 2730 2252 2809 παραγίνε-
2286 2750 2344 2792 τι

244 2853 352 2895 ται
373 2878 395 2914 ,
439 2831 867 2913 μελαγχολῶν
877 2823 1008 2913 ἤδη
1043 2826 1154 2894 καὶ
1180 2824 1395 2912 μόνον
1421 2823 1572 2912 οὐχὶ
1596 2822 1777 2893 αὐτῶ
1798 2850 1861 2891 τι
1875 2819 2259 2913 τῷθανάτω

247 2925 544 2997 ἀπειλῶν
599 2929 980 3015 προέκοψεν
1025 2930 1118 3005 εἰς
1150 2921 1496 3048 ἐπιβολὴν
1549 2922 1879 3012 ἀθεμίτου
1931 2919 2256 3008 πράξεως.

208 3067 213 3072 ⁴
246 3026 407 3108 τούς
441 3024 570 3115 γάρ
602 3025 722 3115 ἀφ’
761 3025 1038 3112 ἑκάστης
1070 3024 1299 3112 κῶμἠς
1327 3024 1696 3121 ἐπισήμους
1721 3020 1975 3109 ἄνδρας
1997 3024 2065 3101 ἐξ
2094 3018 2264 3107 ολης

239 3127 562 3209 Ἰουδαίας
606 3129 1013 3223 συναγαγών
1062 3131 1156 3207 εἰς
1204 3124 1328 3195 τόν
1373 3125 1796 3212 καλούμενον
1830 3120 2267 3242 ίππόδρομρν·

247 3228 552 3295 ἐκέλευσε
574 3234 982 3313 συγκλεῖσαι.
1022 3225 1647 3314 προσκαλεσάμενος
1672 3227 1747 3294 δὲ
1763 3225 2104 3309 Σαλωμην
2127 3220 2258 3309 τὴν
2295 3245 2352 3289 a·

247 3321 549 3410 ἀδελφὴν
599 3328 706 3393 καὶ
755 3327 877 3394 τὸν
933 3324 1148 3416 ανδρα
1205 3325 1451 3414 ταύτης
1485 3320 1848 3411 Ἀλεξᾶν,
1851 3317 2073 3390 οἷδα”
2125 3326 2263 3408 ἔφη

237 3418 650 3506 “Ἰουδαίους
676 3451 797 3493 τον
826 3426 950 3513 μὲν
992 3426 1157 3515 ἐμόν
1191 3427 1631 3514 ἑορτάσοντας
1667 3423 1993 3510 θάνατον,
2038 3420 2270 3490 δύνα-
