2450 3875
297 205 303 210 ’
322 204 403 267 98
756 207 922 267 ΤΟΥ
961 207 1440 270 ΙΟΥΔΑΙΚΟΤ
1477 209 1910 271 ΠΟΛΕΜΟΥ

324 377 525 459 δρον,
567 375 679 439 καὶ
728 365 855 457 τὴν
904 373 1252 459 θυγατέρα
1300 373 1643 474 διαζεύξας
1692 368 1969 453 ἀπάξειν
2010 374 2324 458 ἔφασκεν,

325 471 455 549 ἕως
472 470 903 556 περιέστησεν
914 467 1225 557 Ἡρώδην
1247 464 1810 556 ἀντιπαρακαλεῖν
1830 465 2005 555 ὑπὲρ
2030 475 2156 537 τοῦ
2180 494 2328 557 μει-

325 575 599 656 ρακίου,
643 571 755 637 καὶ
798 570 1003 637 πάλιν
1034 565 1218 659 αὐτῷ
1261 568 1756 655 μνηστεύεσθαι
1795 566 1924 655 τὴν
1961 571 2322 657 θυγατέρα.

323 667 593 754 σφόδρα
614 665 689 735 δὲ
711 664 1105 750 ἀξιοπίστως
1119 665 1521 758 Ἀρχέλαος
1495 658 1552 735 ώ
1573 667 1889 756 βούλεται
1921 673 2325 750 συνοικίζειν

321 762 536 851 αὐτὴν
571 767 922 853 ἐπέτρεπε,
967 764 1144 853 πλὴν
1159 762 1636 852 Ἀλεξάνδρον·
1673 768 1827 854 περὶ
1847 771 2163 835 πλείστου
2192 764 2318 855 γὰρ
2353 801 2381 843 ⁸

317 875 660 935 ποιεῖσθαι
705 880 933 953 τηρεῖν
964 862 1131 949 πρὸς
1178 862 1389 934 αὐτὸν
1416 864 1500 934 τά
1533 871 1650 953 τῆς
1689 867 2038 953 ἐπιγαμίας
2079 870 2323 935 δίκαια.

329 969 640 1050 φαμένου
676 966 749 1034 δὲ
783 970 909 1032 τοῦ
946 965 1272 1053 βασιλέως
1299 968 1526 1051 δῶρον
1548 964 1728 1045 ἕξειν·
1758 960 1924 1051 παρ’
1958 960 2174 1032 αὐτοῦ
2207 962 2325 1033 τὸν

314 1060 498 1149 υίόν,
544 1069 608 1131 εἰ
628 1062 720 1150 μὴ
743 1062 970 1131 λύσειε
990 1062 1113 1132 τὸν
1135 1061 1373 1150 γάμον,
1414 1087 1635 1131 οντων
1654 1063 1780 1150 μὲν
1809 1058 2039 1143 αὐτοῖς
2061 1058 2192 1149 ἤδη
2215 1063 2327 1131 καὶ

323 1162 609 1249 τέκνων,
650 1164 1094 1249 στεργομένης
1134 1158 1199 1229 δ’
1247 1157 1466 1257 οὕτως
1497 1157 1634 1230 ὑπὸ
1671 1166 1797 1229 τοῦ
1823 1166 2178 1249 μειρακίον
2211 1167 2327 1249 τῆς

317 1259 672 1348 γυναικός,
728 1256 814 1347 ἢν
858 1261 1381 1348 παραμένουσαν
1437 1260 1564 1347 μὲν
1619 1262 1892 1328 ἔσεσθαι
1947 1257 2325 1348 δυσώπημα
2355 1292 2399 1333 ιι

316 1364 453 1428 τών
514 1356 1034 1447 ἡμαρτημένων,
1101 1354 1604 1445 ἀπορραγεῖσαν
1658 1354 1734 1426 δὲ
1791 1363 2008 1427 αἰτίαν
2059 1363 2180 1445 τῆς
2235 1363 2326 1440 είς

314 1480 576 1524 απαντα
625 1454 1071 1545 ἀπογνώσεως
1117 1458 1611 1544 (μαλακωτέρας
1650 1456 1778 1542 γὰρ
1835 1460 2148 1542 γίνεσθαι
2204 1454 2321 1537 τὰς

314 1558 563 1644 τόλμας
616 1557 912 1626 πάθεσιν
965 1562 1238 1638 οἰκείοις
1298 1558 1864 1644 περισπωμένας),
1909 1555 2327 1638 κατανεύσας

310 1654 503 1741 μόλις
539 1647 881 1748 ’Ἀρχέλαος
903 1656 1377 1724 διαλλάσσεταί
1402 1681 1473 1723 τε
1511 1655 1622 1722 καὶ
1645 1654 2028 1723 διαλλάσσει
2051 1661 2147 1747 τῷ
2165 1681 2327 1723 νεα-

310 1760 519 1823 νίσκω
541 1754 662 1823 τὸν
676 1755 942 1842 πατέρα.
989 1758 1135 1824 δεῖν
1155 1758 1386 1843 μέντοι
1414 1754 1682 1835 πάντως
1710 1758 1842 1841 ἔφη
1875 1757 2163 1842 πέμπειν
2193 1752 2322 1823 αὐ-
2355 1787 2401 1829 ιι

307 1850 431 1923 τὸν
456 1857 551 1934 είς
569 1851 843 1943 Ῥώμην,
887 1858 1176 1941 Καίσαρι
1209 1843 1714 1941 διαλεξόμενον·
1759 1856 2173 1942 γεγραφέναι
2195 1850 2324 1942 γὰρ

308 1949 513 2033 αὐτὸς
534 1954 766 2021 ἐκείνω
786 1955 941 2040 περὶ
963 1952 1257 2022 πάντων.

246 2069 283 2125 6
480 2050 555 2120 τὸ
612 2051 738 2138 μὲν
793 2044 923 2120 οὖν
971 2049 1329 2139 Ἀρχελάου
1374 2053 1834 2141 στρατήγημα,
1891 2050 1985 2122 δι’
2043 2046 2130 2122 οὗ
2198 2057 2321 2126 τὸν

303 2148 615 2237 γαμβρὸν
637 2149 999 2238 ἐρρύσατο,
1038 2154 1244 2237 πέρας
1273 2148 1436 2238 εἶχε,
1472 2175 1638 2238 μετα
1682 2151 1756 2221 δὲ
1797 2178 1918 2233 τας
1956 2154 2324 2243 διαλλαγας

304 2248 382 2314 ἐν
405 2246 709 2334 εὐωχίαις
730 2249 842 2316 καὶ
867 2248 1402 2336 φιλοφρονήσεσι
1438 2252 1698 2337 διῆγον.
1760 2248 2044 2320 ἀπιόντα
2074 2253 2151 2321 δὲ
2188 2252 2320 2322 αὐ-
2348 2283 2398 2324 2·

305 2348 428 2419 τὸν
461 2346 762 2434 Ἡρώδης
808 2352 1121 2433 δωρεῖται
1162 2348 1512 2418 ταλάντων
1546 2351 2007 2439 ἑβδομήκοντα
2048 2355 2319 2443 δώροις,

303 2448 542 2540 θρόνῳ
570 2474 642 2516 τε
679 2455 907 2539 χρυσῷ
949 2452 1238 2541 διαλίθῳ
1269 2452 1381 2518 καὶ
1413 2448 1767 2538 εὐνούχοις
1800 2453 1912 2520 καὶ
1933 2461 2314 2543 παλλακίδι,

301 2546 449 2636 ἥτις
472 2550 765 2616 ἐκαλεῖτο
788 2551 1131 2634 Παννυχίς
1146 2598 1167 2635 ,
1202 2553 1343 2615 τών
1363 2573 1436 2617 τε
1463 2554 1685 2637 φίλων
1697 2550 2005 2638 ἐτίμησεν
2028 2551 2319 2622 ἕκαστον

314 2645 465 2716 κατ’
490 2645 700 2728 άξίαν.
743 2643 989 2733 ὁμοίως
1023 2646 1099 2714 δὲ
1140 2648 1254 2715 καὶ
1288 2651 1359 2716 οἱ
1394 2658 1775 2738 συγγενεῖς,
1820 2651 2318 2734 προστάξαντος

301 2753 429 2815 τοῦ
466 2748 817 2836 βασιλέως,
866 2744 1111 2825 πάντες
1143 2744 1474 2839 Ἀρχελάω
1502 2747 1773 2836 λαμπρά
1813 2753 2001 2836 δῶρα
2042 2754 2312 2820 ἔδοσαν.
2336 2776 2389 2820 π

308 2850 759 2934 προεπέμφθη
782 2847 856 2914 δὲ
885 2841 1024 2914 ὑπό
1047 2870 1118 2914 τε
1128 2842 1437 2933 Ἡρώδου
1460 2848 1572 2916 καὶ
1591 2855 1728 2917 τών
1750 2852 2065 2917 δυνατών
2087 2852 2316 2939 μέχρις

290 2943 705 3033 Ἀντιοχείας.

196 3049 283 3115 26
475 3043 619 3132 μετ’
645 3042 730 3113 οὐ
759 3042 939 3113 πολὺ
980 3045 1056 3113 δὲ
1090 3050 1184 3127 είς
1219 3045 1344 3133 τὴν
1377 3043 1705 3116 Ἰουδαίαν
1732 3052 2110 3140 παρέβαλεν
2136 3052 2310 3141 ἀνὴρ

300 3142 478 3212 πολὺ
516 3168 655 3211 των
688 3140 1047 3230 Ἀρχελάου
1093 3146 1662 3233 στρατηγημάτων
1706 3150 2191 3238 δυνατώτερος,
2234 3176 2313 3232 ος
2447 3156 2448 3245 1

298 3241 384 3311 οὐ
436 3240 650 3328 μόνον
703 3267 821 3323 τας
859 3238 981 3313 ὑπ’
1033 3238 1300 3312 ἐκείνου
1343 3253 1854 3331 πολιτευθείσας
1894 3245 2306 3343 Ἀλεξάνδρῳ
2331 3273 2384 3317 ω
2445 3290 2446 3293 ¹

295 3338 662 3426 διαλλαγὰς
697 3337 1097 3428 ἀνέτρεψεν,
1141 3340 1309 3411 ἄλλα
1356 3347 1469 3412 καὶ
1508 3342 1841 3427 άπωλείας
1882 3354 2093 3429 αἴτιος
2117 3345 2306 3417 αὐτω

292 3439 590 3525 κατέστη.
637 3436 715 3520 ὃς
735 3431 824 3526 ἦν
852 3438 1125 3530 Λάκων,
1164 3438 1523 3529 Εὐρυκλῆς
1536 3440 1869 3532 τουνομα,
1908 3442 2109 3536 πόθῳ
2140 3471 2304 3534 χρη-
