2450 3875
841 178 1137 238 ΛΟΓΟΣ
1181 175 1532 240 ΠΡΩΤΟΣ
2109 177 2192 244 43

171 344 498 427 μεγίστου
525 338 601 406 δὲ
625 336 732 405 ἐπὶ
764 342 857 429 τῷ
886 335 1078 429 φόνῳ
1107 341 1478 425 γενομένου
1508 337 1867 426 κινήματος
1898 345 2008 410 καὶ
2044 347 2194 412 δια-

172 438 730 508 στασιασθέντων
752 442 891 505 τών
931 439 1268 523 δυνατών,
1308 437 1584 517 ἕκαστος
1622 439 1885 509 ἐλπίσιν
1922 445 2195 522 οἰκείαις

175 537 413 623 ἐχώρει
441 533 611 620 πρὸς
640 531 682 604 ὂ
703 539 1079 622 συμφέρειν
1108 530 1560 623 ὑπελάμβανε.
1620 537 1731 605 καὶ
1753 535 1836 623 δὴ
1860 529 1983 626 ἧκε
2004 541 2193 609 Κάσ-

178 657 333 716 σιος
379 640 474 716 είς
517 640 817 721 Συρίαν,
871 632 1424 721 καταληψόμενος
1475 631 1593 715 τὰς
1643 635 1796 718 περὶ
1832 631 2197 723 ’Λπάμειαν

117 758 147 801 ε
179 733 524 821 δυνάμεις.
606 736 779 801 ἔνθα
818 730 1060 823 Βάσσῳ
1110 758 1182 802 τε
1218 738 1558 817 Μοῦρκον
1600 735 1712 801 καὶ
1751 730 1833 801 τὰ
1875 738 2198 804 διεστῶτα

177 833 482 921 τάγματα
520 831 910 920 διαλλάξας,
953 835 1314 921 ἐλευθεροῖ
1345 833 1471 920 μὲν
1504 829 1868 919 Ἀπάμειαν
1913 840 2031 920 τῆς
2070 859 2194 902 πο-

177 938 513 1020 λιορκίας,
553 928 931 1018 ἡγούμενος
971 928 1043 1000 δ’
1079 928 1285 1013 αὐτὸς
1323 938 1443 1020 τῆς
1481 937 1793 1019 στρατιᾶς
1831 932 2023 1023 ἐπῃει
2063 959 2195 1021 φο-

173 1037 491 1117 ρολογων
512 1028 628 1112 τὰς
657 1030 919 1118 πόλεις,
960 1031 1073 1097 καὶ
1110 1028 1294 1118 παρὰ
1332 1031 1630 1118 δύναμιν
1664 1025 1793 1111 τὰς
1825 1031 2197 1118 εἰσπράξεις

177 1129 611 1217 ποιούμενος.

89 1252 146 1292 ιο
354 1226 729 1298 κελευσθὲν
762 1229 837 1296 δὲ
869 1229 981 1296 καὶ
1017 1224 1364 1309 Ἰουδαίοις
1399 1233 1802 1315 εἰσενεγκεῖν
1835 1230 2197 1303 επτακόσια
2228 1254 2264 1305 2

174 1327 504 1415 τάλαντα,
561 1330 785 1408 δείσας
832 1323 1261 1416 Ἀντίπατρος
1312 1328 1439 1415 τὴν
1486 1324 1774 1415 ἀπειλὴν
1824 1337 1951 1399 τοῦ
2006 1340 2196 1402 Κασ-

174 1431 338 1495 σίου
375 1437 516 1505 τοῖς
559 1450 629 1493 τε
670 1428 844 1507 υἱοῖς
877 1430 1126 1495 διεῖλεν
1161 1426 1580 1513 εἰσπράττειν
1622 1427 1702 1495 τὰ
1742 1428 2043 1516 χρήματα
2084 1438 2203 1501 καί

171 1545 360 1594 τισιν
380 1521 608 1605 ἄλλοις
631 1529 769 1594 τών
795 1526 1192 1612 ἐπιτηδείων
1218 1521 1389 1593 κατὰ
1418 1525 1647 1612 τάχος,
1686 1527 1761 1594 ἐν
1780 1521 1884 1609 οἷς
1902 1532 2013 1598 καὶ
2033 1537 2196 1599 Ma-

174 1628 342 1713 λίχῳ
363 1624 496 1692 τινὶ
525 1627 664 1692 τῶν
686 1621 1058 1709 διαφόρων.
1091 1620 1310 1705 οὕτως
1332 1619 1663 1711 ἤπειγενὴ
1684 1622 1964 1715 ἀνάγκη.
2011 1654 2198 1717 πρω-

91 1746 146 1789 1⁵
181 1746 297 1802 τος
319 1716 379 1789 δ’
405 1717 864 1807 ἀπεμειλίξατο
882 1722 1185 1791 Κάσσιον
1199 1720 1527 1810 Ἡρώδης,
1548 1748 1673 1811 την
1688 1722 1933 1793 ἑαυτοῦ
1954 1740 2199 1814 μοῖραν

176 1822 258 1889 ἐκ
277 1844 396 1906 της
415 1824 773 1901 Γαλιλαίας
794 1825 1072 1906 κομίσας
1093 1819 1336 1888 ἑκατόν
1356 1819 1650 1888 τάλαντα
1663 1871 1683 1909 ,
1718 1824 1831 1890 καὶ
1854 1821 1967 1892 διά
1993 1831 2195 1894 τοῦτο

175 1920 260 1988 ἐν
301 1930 440 1999 τοῖς
479 1920 763 2006 μάλιστα
803 1922 999 2006 φίλος
1020 1910 1128 2007 ἦν.
1171 1916 1333 2000 τούς
1361 1918 1437 1988 δὲ
1481 1917 1760 2002 λοιπούς
1802 1926 1896 2004 είς
1938 1927 2197 2011 βραδυ-

175 2022 350 2104 τῆτα
402 2022 676 2098 κακίσας
716 2015 949 2097 αὐταῖς
992 2019 1338 2105 ἐθυμοῦτο
1392 2031 1533 2099 ταῖς
1574 2018 1830 2087 πόλεσι.
1914 2022 2198 2110 Γόφναν

175 2121 358 2205 γοῦν
398 2118 510 2184 καὶ
545 2112 888 2204 Ἀμμαοῦν
929 2119 1042 2185 καὶ
1091 2119 1219 2186 δύο
1258 2118 1482 2205 ἑτέρας
1534 2123 1672 2186 τών
1709 2126 2199 2210 ταπεινοτέρων

85 2247 145 2288 n
179 2215 920 2303 ἐξανδραποδισάμενος
957 2214 1188 2304 ἐχώρει
1234 2217 1358 2304 μὲν
1380 2212 1472 2297 ὦς
1506 2217 1617 2285 καὶ
1658 2217 1972 2307 Μάλιχον
2005 2216 2201 2290 ἀναι-

175 2314 435 2404 ρήσων,
479 2311 583 2383 ὅτι
627 2316 718 2403 μὴ
768 2316 1067 2396 σπεύσας
1113 2317 1533 2405 εἰσέπραξεν·
1585 2317 1817 2405 ἐπέσχε
1855 2318 1931 2387 δὲ
1974 2318 2100 2408 τήν
2129 2347 2201 2389 τε

175 2414 431 2484 τούτου
487 2415 598 2483 καὶ
653 2412 781 2502 τὴν
821 2421 961 2483 τῶν
1002 2412 1230 2485 ἄλλων
1283 2415 1552 2485 πόλεων
1596 2413 1943 2487 ἀπώλειαν
1983 2416 2199 2489 Ἀντί-

175 2538 459 2599 πατρος,
502 2514 748 2599 ταχέως
771 2510 1011 2581 ἑκατὸν
1033 2512 1384 2593 ταλάντοις
1419 2515 1848 2623 θεραπεύσας
1869 2516 2194 2586 Κάσσιον.

350 2608 436 2679 ού
465 2610 604 2700 μὴν
623 2612 950 2699 Μάλιχος,
989 2609 1554 2700 ἀναχωρήσαντος
1581 2598 1908 2700 Κασσίου,
1941 2640 2059 2701 της
2078 2614 2265 2700 zoi-3

90 2734 146 2774 ω
183 2736 371 2798 ριτος
391 2708 993 2798 ἀπεμνημόνευσεν
1008 2707 1451 2803 Ἀντιπάτρῳ,
1492 2711 1660 2781 κατὰ
1696 2713 1771 2780 δὲ
1793 2717 1918 2780 τοῦ
1946 2711 2200 2781 πολλά-

177 2838 283 2892 κις
313 2816 616 2897 σωτῆρος
642 2809 1015 2899 ἐπιβουλὴν
1049 2812 1512 2892 ἐνεσκευάζετο
1530 2864 1548 2897 ,
1590 2812 1907 2880 σπεύδων
1935 2806 2199 2879 ἀνελεῖν

174 2910 297 2980 τὸν
319 2910 650 2997 ἐμπόδιον
661 2906 875 2979 αὐτοῦ
890 2924 1028 2991 τοῖς
1041 2908 1449 2998 ἀδικήμασιν
1469 2907 1654 2979 ὄντα.
1681 2906 2108 2998 Ἀντίπατρος
2121 2910 2196 2980 δὲ

175 3008 301 3095 τήν
341 3033 412 3077 τε
446 3005 643 3095 ἰσχὺν
680 3008 792 3075 καὶ
820 3004 894 3076 τὸ
926 3013 1324 3095 πανοῦργον
1344 3004 1631 3094 τάνδρὸς
1662 3003 2026 3086 ὑποδείσας
2046 3010 2196 3074 δια-

175 3112 396 3195 βαίνει
427 3103 548 3174 τὸν
567 3103 929 3196 Ἰορδάνην,
964 3105 1253 3192 στρατὸν
1278 3103 1626 3192 ἀθροίσων
1650 3109 1743 3185 εἰς
1769 3103 1896 3191 τὴν
1909 3109 2027 3192 τῆς
2049 3107 2196 3173 ἐπι-

96 3238 146 3281 ⁸·
178 3201 736 3294 βουλῆςᾶμυναν.
778 3208 1126 3294 φωραθεὶς
1146 3203 1220 3274 δὲ
1231 3203 1539 3291 Μάλιχος
1567 3200 1868 3293 ἀναιδείᾳ
1890 3208 2028 3271 τῶν
2045 3200 2196 3272 Ἀν-

175 3302 506 3390 τιπάτρον
529 3307 792 3372 παίδων
826 3309 1266 3392 περιγίνεται·
1296 3301 1420 3373 τόν
1453 3327 1526 3371 τε
1555 3299 1685 3392 γὰρ
1709 3297 2196 3390 Ἱεροσολύμων

175 3399 491 3490 φρουρὸν
507 3399 871 3489 Φασάηλον
891 3405 1004 3472 καὶ
1017 3399 1328 3489 Ἡρώδην
1348 3403 1881 3490 πεπιστευμένον
1893 3400 1977 3470 τά
1990 3399 2188 3488 ὅπλα,
