2450 3875
754 185 765 198 .
812 144 1103 205 ΛΟΓΟΣ
1140 146 1576 206 ΠΕΜΠΤΟΣ
2102 143 2184 205 57

183 316 790 386 πεντεκαιδέκατον
840 312 969 385 ἀπὸ
1025 315 1384 403 τριάκοντα
1429 317 1685 404 πηχῶν
1714 314 1972 403 ἔχω’ννυ
2015 313 2182 384 κατὰ

185 419 263 488 τὸ
292 424 413 487 τοῦ
455 414 813 507 ’ἀρχιερέως
839 421 1184 508 μνημεῖον.
1240 420 1763 508 προσαγομένων
1791 415 1854 488 δ’
1887 416 2016 507 ἤδη
2045 425 2180 487 τῶν

187 517 503 609 ὀργάνων
536 517 573 591 ὁ
602 519 726 609 μὲν
745 517 1053 610 Ἰωάννης
1081 526 1369 591 ἔνδοθεν
1394 517 1734 610 ὑπορύξας
1760 519 1833 589 τὸ
1863 520 2029 590 κατά
2055 519 2180 609 τὴν

180 621 549 692 Ἀντωνίαν
575 627 767 712 μέχρι
794 631 932 693 τῶν
961 625 1285 714 χωμάτων
1315 623 1660 713 διάστημα,
1696 626 1809 693 καὶ
1836 623 2180 711 διαλαβών

120 753 153 794 ⁸
189 740 507 814 σταυροῖς
536 725 694 806 τούς
719 722 1128 816 ὑπονόμους,
1159 724 1621 815 άνακρήμνησι
1650 725 1731 795 τά
1759 733 1942 815 ἔργα,
1973 733 2176 815 πίσση

190 829 269 899 δὲ
294 830 407 898 καὶ
435 826 763 922 άσφάλτω
781 832 1333 919 διακεχρισμένην
1360 825 1534 918 ὕλην
1563 836 1938 918 εἰσκομίσας
1966 832 2179 916 ἐνίησι

108 995 115 1000 .
188 937 348 1019 πῦρ.
413 935 527 1002 καὶ
569 938 706 1001 τῶν
747 942 1058 1040 σταυρῶν
1097 929 1608 1002 ὑποκαέντων”
1564 960 1606 1021 η
1631 960 1704 1002 τε
1743 935 1994 1020 διωρυξ
2034 933 2179 1001 ἐνέ-

192 1040 413 1104 δωκεν
442 1032 696 1123 ἀθρόα,
738 1037 851 1105 καὶ
877 1034 1041 1126 μετὰ
1066 1042 1387 1125 μεγίστου
1415 1034 1645 1124 ψόφου
1670 1041 2071 1122 κατεσείσθη
2099 1062 2181 1103 τα

194 1137 464 1225 σώματα
507 1144 601 1217 εἰς
639 1134 874 1228 αὐτήν.
948 1138 1023 1209 τὸ
1067 1139 1192 1227 μὲν
1234 1130 1362 1208 οὖν
1401 1163 1670 1226 πρωτον
1708 1165 1872 1227 μετα
1912 1145 2035 1206 τοῦ
2062 1163 2181 1206 κο·-

111 1274 165 1314 ιο
198 1248 474 1328 νιορτοῦ
513 1239 767 1321 καπνὸς
793 1239 1097 1331 ἠγείρετο
1124 1242 1349 1331 βαθύς
1368 1293 1387 1327 ,
1429 1244 1838 1329 πνιγομένου
1863 1245 1957 1333 τῷ
2000 1238 2181 1308 πτώ-

195 1370 352 1432 ματι
382 1349 504 1413 τοῦ
543 1342 784 1430 πυρός·
840 1351 956 1433 τῆς
987 1345 1063 1414 δὲ
1089 1344 1462 1433 θλιβούσης
1493 1340 1660 1433 ὕλης
1692 1349 2182 1433 διαβιβρωσκο-

195 1448 400 1534 μένης
426 1443 556 1536 ἤδη
588 1446 852 1537 φανερὰ
883 1446 1051 1536 φλὸξ
1088 1446 1494 1537 έρρήγνυτο.·
1548 1448 1661 1516 καὶ
1687 1462 1825 1527 τοῖς
1844 1442 2184 1534 Ῥωμαίοις

197 1551 506 1636 ἔκπληξις
542 1549 667 1639 μὲν
709 1548 876 1637 πρὸς
900 1550 976 1620 τὸ
1017 1556 1400 1640 αἰφνίδιον,
1449 1546 1709 1638 άθυμία
1748 1549 1824 1619 δὲ
1865 1548 2031 1636 πρὸς
2063 1548 2186 1637 τὴν

197 1655 503 1721 ἐπίνοιαν
557 1656 884 1740 ἐμπίπτει.
967 1654 1079 1722 καὶ
1124 1651 1514 1740 κρατήσειν.
1545 1655 1873 1741 οἰομένοις
1926 1649 2055 1740 ἤδη
2111 1648 2186 1720 τὸ

112 1782 166 1822 ιε
198 1753 469 1842 συμβὰν
506 1755 619 1824 καὶ
660 1755 827 1844 πρὸς
866 1753 940 1825 τὸ
979 1758 1222 1843 μέλλον
1266 1757 1467 1837 ἔψυξε
1514 1753 1638 1844 τὴν
1681 1758 1949 1825 ἐλπίδα·
2007 1752 2081 1822 τὸ
2110 1752 2188 1823 δὲ

199 1854 488 1946 ἀμύνειν
530 1854 798 1947 ἀχρεῖον
825 1858 1045 1928 ἐδόκει
1073 1855 1241 1944 πρὸς
1266 1855 1339 1927 τὸ
1372 1863 1546 1949 πῦρ,
1602 1858 1716 1926 καὶ
1745 1863 1809 1926 εἰ
1841 1861 2186 1947 σβεσθείη,

196 1968 336 2031 τῶν
370 1960 694 2049 χωμάτων
728 1963 1270 2032 καταποθέντων.

351 2062 516 2153 μετὰ
561 2065 637 2134 δὲ
689 2060 936 2153 ἡμέρας
988 2062 1116 2135 δύο
1168 2065 1281 2133 καὶ
1319 2077 1454 2145 τοῖς
1508 2058 1733 2144 ἄλλοις
1783 2066 2194 2133 ἐπιτίθενται
2232 2080 2267 2132 5

198 2166 500 2256 χώμασιν
526 2171 596 2236 οἱ
622 2169 775 2257 περὶ
803 2167 922 2241 τὸν
949 2173 1233 2256 Σίμωνα
1250 2189 1265 2204 ·
1311 2168 1423 2235 καὶ
1452 2164 1580 2255 γὰρ
1610 2165 1694 2256 δὴ
1721 2163 2187 2255 προσαγαγόν-

109 2297 168 2338 m
201 2297 308 2351 τες
355 2268 564 2360 ταύτῃ
604 2269 721 2352 τὰς
777 2270 1112 2351 ἑλεπόλεις
1157 2274 1229 2339 οἱ
1257 2266 1559 2358 Ῥωμαῖοι
1600 2270 1889 2338 διέσειον
1938 2266 2068 2359 ἤδη
2112 2265 2187 2345 τὸ

198 2388 429 2460 τεῖχος.
460 2370 469 2381 ’
502 2381 841 2460 Τεφθαῖος
872 2375 952 2444 δέ
972 2402 1071 2455 τις
1115 2370 1245 2442 άπὸ
1276 2373 1523 2463 Γαρσὶς
1547 2371 1802 2454 πόλεως
1841 2378 1958 2461 τῆς
1982 2379 2189 2441 Γαλι-

201 2481 424 2562 λαίας,
470 2478 584 2545 καὶ
614 2475 1055 2564 Μεγάσσαρος
1082 2483 1218 2546 τῶν
1247 2482 1614 2570 βασιλικῶν
1639 2476 1751 2560 καὶ
1783 2475 2191 2563 Μαριάμμης

201 2577 546 2667 θεράπων,
574 2577 732 2667 μεθ’
768 2570 865 2648 ὦν
883 2577 1279 2668 Ἀδιαβηνός
1298 2608 1395 2660 τις
1413 2577 1561 2658 υίὸς
1573 2584 1989 2665 Ναβαταίου,
2020 2574 2181 2647 τοῧ-
2309 2612 2314 2619 ·

202 2708 372 2768 νομα
401 2684 678 2770 κληθεὶς
718 2679 847 2750 άπὸ
885 2688 1000 2770 τῆς
1037 2681 1238 2771 τύχης
1265 2687 1625 2769 Χαγείρας,
1669 2677 1835 2769 ὅπερ
1881 2686 2190 2768 σημαίνει

113 2816 172 2859 25
205 2783 448 2873 χωλός,
521 2780 938 2874 ἁρπάσαντες
983 2786 1331 2871 λαμπάδας
1383 2782 1858 2873 προεπήδησαν
1909 2784 2018 2852 ἐπὶ
2075 2781 2192 2862 τὰς

201 2885 516 2976 μηχανάς.
571 2887 832 2957 τούτων
859 2894 997 2956 τῶν
1035 2884 1309 2976 ἀνδρῶν
1338 2880 1496 2957 οὔτε
1521 2885 1989 2975 τολμηρότεροι
2015 2884 2185 2955 κατᾶ

203 2990 400 3059 τόνδε
439 2989 559 3059 τὸν
588 2990 880 3079 πόλεμον
918 2992 991 3060 ἐκ
1031 2995 1148 3077 τῆς
1180 2988 1437 3070 πόλεως
1474 2989 1820 3078 ἐφάνησαν
1858 2985 2015 3059 οὔτε
2054 3016 2186 3078 φο-

202 3090 595 3182 βερώτεροι·
650 3091 960 3182 καθάπερ
1006 3085 1132 3180 γάρ
1175 3098 1270 3174 εἰς
1307 3099 1548 3181 φίλους
1584 3095 2030 3183 ἐκτρέχοντες,
2093 3088 2178 3162 ού

203 3201 546 3283 πολεμίων
597 3211 865 3283 στῖφος,
922 3190 1078 3265 οὔτε
1117 3194 1383 3266 ἔδεισαν
1427 3191 1585 3265 οὔτε
1627 3192 2190 3283 ἐμέλλησανρῧτε

116 3318 171 3359 ³⁰
205 3295 617 3387 ἀπέστησαν,
672 3295 839 3367 άλλὰ
880 3296 995 3368 διὰ
1030 3301 1256 3387 μέσων
1296 3297 1695 3387 ἐνθορόντες
1741 3304 1878 3367 τῶν
1918 3301 2186 3384 ἐχθρῶν

205 3396 493 3489 ὑφῆψαν
534 3399 655 3482 τὰς
688 3400 1013 3490 μηχανάς,
1068 3401 1486 3490 βαλλόμενοι·
1509 3401 1585 3469 δὲ
1611 3401 1722 3469 καὶ
1749 3414 1884 3478 τοῖς
1923 3402 2190 3482 ξίφεσιν

202 3500 680 3592 ἀνωθούμενοι
720 3504 1060 3574 πάντοθεν
1100 3501 1184 3573 οὐ
1220 3500 1552 3592 πρότερον
1593 3504 1666 3570 ἐκ
1693 3507 1815 3570 τοῦ
1858 3501 2190 3570 κινδύνου
