2450 3875
156 875 167 900 ,
266 829 551 897 sumeret,
587 838 786 892 omnes
824 838 971 881 vero
1005 820 1264 881 Judaeos
1293 824 1354 882 in
1381 822 1616 884 civitate
1639 826 1868 902 positos
1898 842 2024 885 cum
2058 824 2198 884 liliis
2229 832 2292 883 et

262 150 387 213 232
588 245 598 260 ἢ
768 177 774 194 ·
831 160 1109 217 comum
1157 133 1468 216 Arionem
1515 163 1639 221 Lm.
1688 164 1756 219 ιι.

261 321 475 398 injuste
505 320 735 385 sibimet
761 323 1117 403 applicarem
1149 332 1394 403 propter
1421 323 1571 386 haec
1601 341 1748 404 ergo
1781 324 1960 387 Onias
1989 328 2290 390 adversus

266 438 396 481 eum
430 421 647 484 bellum
692 440 799 503 pro
845 420 1158 506 Cleopatra
1207 424 1501 502 suscepit,
1548 432 1607 486 et
1659 425 1829 486 iidem
1861 444 2032 506 qnam
2062 425 2294 502 ,habuit

256 522 422 612 *circa
453 539 652 600 reges,
683 537 1044 602 nequaquam
1074 524 1131 584 in
1157 525 1510 585 necessitate
1541 523 1817 609 deserpit-
1883 528 2054 586 testis
2085 535 2291 586 autem

267 622 410 682 deus
442 623 701 698 Justitiae
731 624 860 699 ejus
892 623 1230 683 manifestus
1257 624 1546 702 apparuit.
1621 643 1750 686 nam
1781 624 2052 705 Physcon
2081 625 2291 687 Ptole·

264 737 465 782 maeus
478 738 653 800 quum
672 721 978 784 adversum
1009 724 1331 784 exercitum
1355 723 1584 802 quidem
1603 723 1788 787 Oniae
1819 713 2086 805 pugnare.
2107 744 2290 805 prae·
2326 745 2352 782 s

263 917 545 982 uxoribus
582 919 821 999 capiens
861 919 1049 982 nudos
1079 929 1254 1000 atque
1283 922 1513 982 vinctos
1550 921 1878 1002 elephantis
1920 923 2288 1000 subjecisset

262 1026 327 1078 ut
359 1018 432 1079 ab
458 1019 556 1080 eis
590 1021 917 1100 conculcati
948 1019 1293 1097 delicerent,
1334 1030 1392 1080 et
1420 1020 1492 1082 ad
1515 1019 1631 1081 hoc
1652 1022 1826 1083 etiam
1860 1019 2083 1083 bestias
2115 1023 2290 1101 ipsas

264 1119 647 1199 inebriasset,
680 1123 737 1181 in
772 1123 1120 1182 contrarium
1153 1139 1305 1200 quae
1337 1131 1793 1200 praeparaverat
1822 1139 2116 1202 evenere:
2157 1122 2287 1183 ele·
2441 1199 2442 1204 ἵ

200 1291 209 1298 ,
266 1219 468 1300 phanti
495 1221 645 1281 enim
676 1221 1073 1300 relinquentes
1096 1219 1205 1280 sibi
1229 1221 1537 1299 appositos
1560 1219 1841 1296 Judaeos,
1869 1220 2086 1300 impetu
2114 1219 2286 1280 racto
2319 1240 2364 1282 ιο
2440 1223 2442 1358 Ι

264 1336 446 1398 super
476 1319 693 1380 amieos
729 1322 858 1397 ejus
889 1320 1101 1382 multos
1133 1339 1209 1380 ex
1239 1319 1384 1399 ipsis
1415 1318 1792 1381 interemere.
1871 1327 1932 1378 et
1961 1327 2098 1397 post
2128 1317 2286 1379 haec

261 1401 634 1478 Ptolemaeus
680 1418 912 1498 quidem
957 1428 1258 1499 aspectum
1311 1419 1632 1480 terribilem
1677 1420 2102 1498 contemplatus
2167 1429 2284 1496 est,
2440 1399 2442 1480 1

264 1514 673 1596 prohibentem
709 1535 777 1582 se
817 1526 879 1577 ut
920 1517 1039 1578 illis
1056 1511 1717 1594 ‘noceret'hominibnsz
1772 1517 2096 1579 concubina
2131 1535 2283 1578 vero

263 1634 369 1677 sua
413 1616 740 1694 carissima,
773 1635 942 1697 quam
994 1618 1090 1678 alii
1123 1617 1356 1697 quidem
1405 1619 1659 1682 Ithacam
1703 1620 1801 1682 alii
1839 1637 1983 1680 vero
2018 1617 2284 1680 Hirenen
2335 1684 2342 1688 ,
2441 1667 2442 1680 ,

265 1715 664 1795 denominant,
700 1717 1063 1798 supplicante
1092 1735 1166 1778 ne
1204 1728 1417 1780 tantam
1449 1720 1822 1798 impietatem‘
1837 1727 2195 1798 perageret,
2229 1720 2282 1780 ei
2315 1734 2356 1774 n

268 1818 586 1894 concessit,
613 1826 677 1878 et
703 1834 778 1877 ex
804 1816 895 1880 his
927 1836 1077 1898 quae
1099 1820 1221 1894 Jam
1260 1827 1462 1896 egerat
1495 1817 1592 1878 vel
1625 1809 1862 1878 aeturus
1895 1827 2048 1892 erat,
2075 1818 2284 1898 poeni·

261 1918 501 1978 tentiam
534 1917 673 1996 egit.
738 1916 889 1978 unde
924 1927 1089 1979 recte
1120 1917 1270 1980 hanc
1299 1916 1452 1977 diem
1479 1915 1686 1977 Judaei
1709 1913 2107 1978 Alexandriae
2143 1935 2285 1979 con·

262 2018 466 2095 stituti,
502 2035 576 2078 eo
614 2019 769 2098 quod
798 2027 1001 2097 aperte
1032 2036 1065 2079 a
1093 2016 1207 2079 deo
1239 2017 1485 2079 salutem
1517 2033 1933 2095 promeruere,
1969 2016 2286 2079 celebrare
2333 2092 2338 2097 ‚

262 2124 604 2176 noscuntur.
665 2115 862 2195 Apion
897 2125 1089 2177 autem
1132 2116 1380 2176 omnium
1428 2113 1803 2179 calumniator
1830 2115 2004 2177 etiam
2035 2124 2287 2195 propter

261 2212 484 2275 bellum
513 2214 795 2276 adversus
826 2215 1191 2291 Physconem
1231 2222 1459 2292 gestum
1488 2213 1747 2275 Judaeos
1791 2231 2080 2275 accusare
2108 2231 2283 2294 prae·
2311 2236 2357 2276 a

265 2314 537 2392 sumpsit,
566 2331 740 2393 quum
775 2331 881 2375 eos
917 2313 1156 2375 laudare
1199 2313 1484 2377 debuerit.
1542 2313 1592 2372 is
1621 2322 1814 2373 autem
1845 2314 2016 2373 etiam
2043 2312 2286 2375 ultime

266 2406 618 2490 Cleopatrae
647 2411 888 2490 reginae
909 2411 1433 2479 Alexandrinorum
1460 2411 1735 2491 meminit,
1768 2411 1945 2471 veluti
1977 2410 2152 2471 nobis
2183 2414 2285 2473 im·

264 2526 590 2589 properans
626 2513 893 2590 qnoniam
939 2514 1106 2574 circa·
1139 2529 1249 2573 nos
1294 2512 1399 2572 fuit
1441 2512 1692 2589 ingrataz
1742 2521 1802 2571 et
1841 2529 1956 2572 non
1988 2511 2192 2591 potins
2219 2512 2285 2573 il·

156 2678 161 2691 ¹
266 2607 378 2668 lam
399 2608 754 2687 redarguere
786 2610 1018 2691 studuit,
1040 2612 1131 2699 cui
1161 2608 1301 2671 nihil
1328 2610 1555 2669 omnino
1580 2610 1893 2687 injustitiae
1918 2617 1979 2669 et
1997 2608 2288 2671 malorum

269 2825 431 2884 suos,
466 2809 561 2887 qui
591 2810 763 2870 etiam
796 2808 1107 2872 dilexerint
1136 2810 1401 2885 eam,vel
1433 2810 1492 2868 in
1522 2809 1805 2869 communi
1837 2815 2042 2868 contra,
2067 2805 2286 2870 Roma·

266 2925 374 2969 nos
408 2926 611 2971 omnes
646 2917 705 2969 et
731 2908 1145 2971 benefactores
1181 2926 1323 2970 suos
1355 2911 1766 2989 imperatores,
1792 2923 1940 2986 quae
1973 2906 2153 2968 etiam
2182 2924 2286 2968 so-

264 3024 458 3067 rorem
474 3006 762 3068 Arsinoen
792 3006 1007 3070 occidit
1040 3011 1098 3070 in
1129 3010 1370 3090 templo,
1400 3007 1540 3068 nihil
1574 3006 1684 3067 sibi
1715 3014 2045 3067 nocentem.
2105 3023 2282 3086 pere·

265 3107 367 3166 mit
396 3114 585 3166 autem
629 3117 689 3167 et
727 3106 964 3169 fratrem
994 3109 1253 3186 insidiis,
1302 3116 1696 3188 paternosqne
1731 3097 1877 3166 deos
1915 3114 1974 3165 et
1999 3104 2284 3185 sepulcra

262 3206 700 3284 progenitorum
732 3206 1086 3289 depopulata
1118 3219 1225 3269 est.
1270 3208 1719 3289 percipiensque
1749 3224 1990 3284 regnum
2021 3224 2053 3265 a
2085 3207 2276 3285 primo
2311 3224 2360 3264 a·

265 3301 520 3365 Caesare
539 3348 557 3380 ,
596 3306 721 3382 ejus
756 3305 875 3366 filio
906 3315 966 3367 et
997 3309 1334 3369 successori
1371 3307 1669 3368 rebellare
1701 3306 2128 3387 praesumpsit,
2157 3306 2278 3367 An·

208 3400 215 3407 “
262 3400 592 3481 toniumque
638 3422 1016 3484 corrumpens
1057 3410 1350 3469 amatoriis
1395 3407 1575 3485 rebus
1612 3416 1671 3467 et
1706 3408 1928 3485 patriae
1974 3406 2268 3467 inimicum

80 2682 89 2697 ¹
158 2752 159 2755 η
267 2708 507 2789 operum
536 2709 719 2771 defuit
735 2710 833 2771 vel
865 2712 1021 2773 circa
1050 2713 1289 2790 generis
1313 2708 1707 2786 necessarios,
1722 2708 1819 2769 vel
1849 2709 2006 2769 cirea
2030 2710 2277 2771 man'tos
2309 2722 2355 2763 Ξ
