2450 3875
775 136 1066 198 ΛΟΓΟΣ
1101 139 1532 198 ΠΕΜΠΤΟΣ
2065 137 2147 197 49
2197 157 2204 162 ·

150 310 513 401 πόρρωθεν
536 309 1009 399 προσεκύνουν
1027 362 1047 397 ,
1082 308 1297 380 πολλὰ
1323 315 1459 379 τῶν
1491 314 1687 378 ἰδίων
1711 312 1896 379 ἐθῶν
1923 338 2143 398 παρα-
2252 309 2257 313 ’

149 413 420 494 λύοντες
463 420 559 495 είς
596 410 716 483 τὸν
744 409 1065 502 ἡμέτερον
1091 412 1323 499 νόμον.
1398 410 1536 481 εἶτα
1568 413 1677 482 ἐπὶ
1718 413 1977 495 τούτοις
2016 413 2136 484 τὸν

147 513 565 605 ἀσεβηθέντα
613 511 961 604 σύμμαχον
1017 521 1465 603 προσδοκᾶτες
1531 512 1714 585 πάνυ
1762 522 1934 603 γοῦν
1987 519 2134 588 ἐστὲ

148 626 396 690 δίκαιοι
440 622 683 705 ἱκέται,
730 620 844 688 καὶ
881 620 1068 706 χερσὶ
1108 629 1440 707 καθαραῖς
1479 616 1616 687 τὸν
1637 616 1901 706 βοηθὸν
1939 615 2131 705 ὑμῶν

79 746 108 787 5
149 732 605 809 παρακαλεῖτε.
661 720 998 802 τοιαύταις
1024 717 1062 790 ὁ
1089 719 1407 809 βασιλεὺς
1438 717 1629 809 ἡμῶν
1658 723 1995 816 ίοῖέτευσεν
2024 724 2132 791 ἐπὶ

48 1263 101 1302 10

52 1780 104 1820 15

144 824 262 895 τὸν
303 821 689 918 Ἀσσύριον,
759 852 870 896 οτε
921 820 1042 893 τὸν
1090 826 1302 911 μέγαν
1353 827 1616 893 ἐκεῖνον
1675 824 1960 913 στρατὸν
2013 831 2134 915 μιᾷ

142 929 338 998 νυκτὶ
363 931 820 1016 κατέστρωσεν
862 922 899 998 ὁ
926 923 1109 1006 θεός.
1185 953 1383 1014 ομοια
1412 926 1486 997 δὲ
1514 933 1605 1018 τῷ
1627 922 1954 1018 Ἀσσυρίςο
1971 922 2130 996 Ῥω-

140 1045 323 1118 μαῑοι
365 1037 654 1130 δρῶσιν,
705 1035 817 1098 ἴνα
855 1027 1024 1099 καὶ’
996 1056 1264 1116 αμυναν
1299 1045 1490 1117 υμεις
1517 1027 1758 1152 ὁμοίαν
1799 1034 2127 1117 ἐλπισητε.

142 1130 266 1224 οὐχ
293 1130 328 1203 ὁ
319 1132 481 1221 μὲν
506 1133 803 1221 χρήματα
829 1159 1010 1221 παρα
1036 1138 1158 1201 τοῦ
1184 1129 1572 1219 βασιλέως
1534 1139 1727 1220 υμῶν
1755 1131 1984 1221 λαβών
2012 1131 2125 1220 ἐφ’

143 1225 198 1328 ᾦ
236 1235 329 1324 μὴ
370 1235 685 1324 πορθήσῃ
727 1234 850 1325 τὴν
888 1234 1120 1321 πόλιν,
1176 1237 1422 1323 κατέβη
1463 1233 1644 1322 παρὰ
1687 1234 1846 1316 τούς
1885 1262 2133 1323 ορκους

145 1343 473 1427 ἐμπρῆσαι
511 1336 630 1409 τὸν
672 1337 873 1408 ναόν·
856 1389 874 1421 ,
923 1334 1229 1427 Ῥωμαῖοι
1282 1338 1359 1408 δὲ
1395 1335 1515 1407 τὸν
1560 1339 1829 1428 συνήθη
1876 1337 2132 1426 δασμὸν
2181 1351 2190 1362 ’

144 1449 481 1528 αἰτοῦσιν,
542 1438 625 1512 ὃν
669 1446 740 1510 οἰ
777 1442 1054 1528 πατέρες
1095 1438 1288 1529 ἡμῶν
1330 1456 1468 1522 τοῖς
1503 1442 1799 1511 ’ἐκείνων
1846 1441 2134 1529 πατράσι

142 1547 509 1633 παρέσχον,
553 1546 667 1613 καὶ
692 1542 937 1613 τούτου
964 1544 1275 1631 τυχόντες
1314 1540 1471 1613 οὔτε
1497 1550 1834 1630 πορθοῦσι
1861 1542 1982 1631 τὴν
2008 1543 2134 1614 πό-

144 1656 255 1718 λιν
282 1675 440 1717 ουτε
480 1643 783 1729 ψαύουσι
810 1652 949 1716 τῶν
984 1642 1233 1734 ἁγίων,
1284 1647 1549 1716 διδόασι
1585 1643 1658 1716 6-'
1701 1643 1863 1735 ημῖν
1902 1637 2131 1735 τᾶλλα,

147 1749 383 1840 γενεάς
409 1778 481 1819 τε
518 1752 883 1836 ἐλευθέρας
908 1751 1024 1818 καὶ
1050 1748 1315 1836 κτήσεις
1342 1747 1457 1830 τὰς
1496 1751 1755 1819 εαυτῶν
1783 1752 2129 1873 νέμεσθαι,

142 1857 258 1925 καὶ
293 1881 451 1933 τους
494 1850 718 1955 ἱεροὺς
763 1852 1012 1940 νόμους
1050 1852 1355 1935 σώζουσι.
1435 1858 1640 1940 μανία
1677 1850 1780 1940 δὴ
1803 1850 1924 1920 τὸν
1961 1849 2132 1921 θεὸν

142 1962 529 2045 προσδοκᾶν
570 1958 680 2026 ἐπὶ
723 1960 1005 2037 δικαίοις
1049 1950 1188 2036 οἶος
1235 1951 1339 2024 ἐπ’
1387 1952 1643 2036 ἀδίκοις
1694 1955 1930 2045 ἐφάνη.
2018 1958 2133 2025 καὶ
2191 1986 2198 1993 ·

141 2067 541 2149 παραχρῆμα
576 2056 640 2129 6’
690 2055 977 2147 ἀμύνειν
1002 2055 1255 2128 oldas*
1215 2086 1379 2128 οταν
1407 2061 1559 2148 δέῃ·
1608 2056 1767 2138 τούς
1793 2064 1962 2146 γοῦν
1981 2055 2134 2128 Ἀσ-

141 2171 423 2252 συρίους
479 2159 646 2232 κατὰ
703 2161 915 2231 νύκτα
966 2159 1090 2250 τὴν
1139 2160 1412 2249 πρώτην
1469 2167 2135 2249 παραστρατοπεδευ-

143 2269 477 2354 σαμένους
521 2271 817 2335 ἔκλασεν.
892 2260 1061 2334 ὥστε
1105 2271 1168 2334 εί
1203 2266 1316 2333 καὶ
1353 2261 1479 2353 τὴν
1524 2259 1851 2353 ἡμετέραν
1892 2264 2135 2352 γενεὰν

142 2374 543 2457 ἐλευθερίας
582 2363 626 2456 ἢ
654 2364 1017 2456 Ῥωμαίους
1054 2367 1386 2448 κολάσεως
1421 2362 1647 2449 ἀξίους
1686 2373 1944 2455 ἔκρινε,
2005 2363 2137 2437 κᾶν

140 2478 543 2561 παραχρῆμα
598 2470 906 2558 καθάπερ
960 2486 1098 2551 τοῖς
1133 2466 1510 2557 Ἀσσυρίοις
1565 2471 1965 2556 ἐνέσκηψεν,
1989 2462 2135 2540 ’ὅτε

138 2580 270 2644 τοῦ
316 2580 562 2656 ἔθνους
605 2571 846 2662 ἥπτετο
894 2573 1273 2661 Πομπήιος,
1334 2569 1450 2642 ὅτε
1490 2569 1636 2660 μετ’
1686 2569 1897 2641 αὐτὸν
1943 2568 2133 2662 ἀνῄει

141 2675 468 2763 Σόσσιος,
518 2672 628 2747 ὅτε
649 2673 1108 2755 ’Βεσπασιανὸς
1145 2675 1425 2762 ἐπόρθει
1462 2674 1586 2763 τὴν
1612 2681 2010 2762 Γαλιλαίαν,
2052 2673 2135 2744 τὰ

144 2787 495 2851 τελευταῖα
535 2785 669 2850 νῦν
705 2806 816 2849 οτε
852 2774 1076 2868 ἤγγιζε
1118 2785 1310 2860 Τίτος
1336 2784 1415 2869 τῇ
1442 2777 1652 2848 πόλει.
1727 2784 1944 2846 καίτοι
1973 2776 2133 2846 Md·-

139 2910 306 2973 γνος
345 2884 469 2972 μὲν
508 2885 623 2952 καὶ
648 2881 935 2985 Σόσσιος
973 2878 1140 2971 πρὸς
1178 2907 1271 2949 τω
1311 2879 1524 2971 μηδὲν
1563 2890 1813 2951 παθεῖν
1849 2882 1964 2950 καὶ
2004 2878 2135 2951 ἀντὶ

136 2985 384 3075 κράτος
423 2992 670 3074 ἔλαβον
700 2984 823 3074 τὴν
834 2957 1085 3070 πόλιν,
1129 2979 1590 3063 ’ὅεσπασιανός
1619 2979 1685 3052 6’
1711 2986 1786 3053 ἐκ
1813 2990 1938 3052 τοῦ
1967 2982 2134 3074 πρὸς

137 3086 314 3178 ἡμᾶς
340 3091 639 3178 πολέμου
665 3090 778 3158 καὶ
803 3093 1147 3176 βασιλείας
1181 3083 1446 3174 ηρξατο.
1511 3094 1683 3155 Τίτω
1709 3085 1833 3174 μὲν
1863 3084 1991 3176 γὰρ
2022 3089 2135 3157 καὶ

135 3194 353 3281 πηγαὶ
381 3191 867 3282 πλουσιωτεραι
901 3192 1208 3277 ῥέουσιν,
1246 3195 1323 3258 αῖ
1341 3193 1778 3277 ξηρανθεῖσαι
1805 3189 2135 3279 πρότερον

134 3291 329 3385 ὑμῖν.
394 3292 524 3382 πρὸ
569 3301 739 3383 γοῦν
781 3300 897 3382 τῆς
937 3290 1150 3363 αὐτοῦ
1188 3299 1560 3379 παρουσίας
1596 3291 1719 3381 τήν
1758 3318 1828 3361 τε
1855 3290 2135 3377 Σιλωὰμ

138 3400 592 3469 ἐπιλιποῦσαν
618 3406 758 3466 ίστε
786 3399 899 3467 καὶ
927 3395 1042 3476 τὰς
1068 3398 1191 3478 ἔξω
1219 3402 1341 3464 τοῦ
1369 3392 1616 3476 ἄστεως
1643 3391 1934 3478 ἁπάσας,
1965 3389 2135 3461 ὥστε

134 3498 314 3593 πρὸς
364 3496 693 3591 ἀμφορεῖς
747 3497 1072 3571 ὠνεῖσθαι
1124 3495 1199 3569 τὸ
1254 3493 1475 3588 ὕδωρ·
1531 3495 1606 3567 τὸ
1655 3497 1732 3567 δὲ
1779 3502 1912 3565 νῦν
1956 3489 2136 3569 οὕτω

269 3635 527 3679 mesra.
575 3637 661 3679 w.
915 3636 924 3652 ¹
1715 3617 1754 3672 4
