2450 3875
813 214 1128 280 ’ΛΟΓΟΣ
1167 221 1477 282 ΤΡΙΤΟΣ
1802 302 1822 311 -
1947 218 1951 223 ·
2032 219 2155 281 279

138 385 216 447 οἳ
257 383 403 466 μέν,
449 375 543 460 ὥς
581 381 1081 467 προσετέτακτο,
1127 379 1289 462 τούς
1317 384 1529 472 ταύτῃ
1559 386 2015 468 πειρωμένους
2036 382 2151 449 έκ-

140 485 433 566 βοηθετν
497 480 848 565 περιέσχον
866 506 881 521 ·
950 474 987 545 ὁ
1049 479 1126 545 δὲ
1192 484 1386 559 Τίτος
1443 486 1739 566 πρῶτος·
1772 480 1895 548 τὸν
1940 484 2151 548 ἵππον

139 576 400 663 ἤλαυνε
441 584 535 659 είς
569 577 731 659 τούς
772 583 1167 665 πολεμίους,
1201 579 1313 646 καὶ
1352 579 1487 647 σὺν
1532 584 1794 669 κραυγῇ
1835 577 1979 666 μετ’
2019 578 2148 645 αὖ·
2212 603 2221 609 ·

141 675 268 744 τὸν
310 679 382 743 οἱ
421 682 677 765 λοιποί,
734 681 1248 762 παρατείναντες
1291 676 1573 759 ἑαυτοὺς
1619 683 1712 758 εἰς
1761 675 1928 746 ὅσον
1969 681 2149 745 ἐπετ-

75 805 106 843 5
144 799 268 860 χον
331 777 402 841 οἱ
461 776 766 861 πολέμιοι
825 772 900 843 τὸ
943 779 1212 861 πεδίον,
1277 774 1451 861 παρὰ
1512 780 1624 844 καὶ
1664 775 1838 844 πολὺ
1878 782 2149 853 πλείους

139 876 404 952 ἔδοξαν.
477 876 546 940 οἱ
575 874 662 940 ’δὲ
700 869 1041 958 Ἰουδαῖοι,
1083 879 1299 940 καίτοι
1339 873 1465 959 τήν
1504 899 1578 941 τε
1619 871 1840 960 ὁρμὴν
1873 877 1985 942 καὶ
2023 871 2149 959 τὴν

143 968 456 1050 εὐταξίαν
504 967 733 1038 αὐτῶν
783 972 1346 1058 καταπλαγέντες,
1388 968 1558 1056 πρὸς
1595 968 1826 1058 ὀλίγον
1861 971 1986 1058 μὲν
2023 968 2148 1038 άν-

139 1068 384 1153 τέσχον
433 1083 574 1150 ταῖς
592 1070 949 1187 ἐμβολαῖς,
999 1069 1411 1155 νυσσόμενοι
1456 1069 1531 1137 δὲ
1573 1081 1709 1149 τοῖς
1737 1082 2001 1148 κοντοῖς
2032 1071 2145 1136 καὶ

139 1171 236 1254 τῷ
282 1168 476 1257 §actm
524 1171 664 1234 τοῖν
715 1167 975 1234 ἱππέων
1027 1162 1555 1253 ἀνατρεπόμενοι
1616 1171 2141 1237 συνεπατοῦντο.

55 1295 134 1335 ιο
125 1271 417 1332 πολλῶν
459 1265 535 1333 δὲ
575 1272 917 1365 πανταχοῦ
963 1267 1447 1352 φονευομένων
1469 1270 1993 1352 διασκίδνανται,
2034 1267 2147 1334 καὶ

140 1362 314 1449 πρὸς
349 1360 474 1449 τὴν
498 1342 701 1431 πόλιν
744 1389 834 1443 ως
878 1364 1151 1444 ἕκαστος
1186 1361 1320 1451 εἶχε
1362 1363 1605 1451 τάχους
1640 1369 1997 1452 ἔφευγον.
2029 1370 2146 1431 Τί-

140 1487 253 1542 τος
293 1460 369 1529 δὲ
412 1461 574 1542 τούς
616 1460 743 1551 μὲν
790 1462 1079 1541 κατόπιν
1128 1470 1609 1551 προσκείμενος
1649 1461 1916 1554 ἀνῄρει,
1985 1490 2145 1544 τους

139 1558 216 1626 δὲ
239 1563 628 1628 ,διεκπαίων
681 1557 1017 1647 άθρόους,
1084 1586 1207 1642 ους
1267 1562 1341 1630 δὲ
1383 1561 1677 1649 φθάνων
1723 1562 1890 1631 κατὰ
1932 1562 2143 1649 στόμα

140 1657 499 1746 διήλαυνε,
558 1659 851 1741 πολλοὺς
890 1658 964 1731 δὲ
1008 1661 1312 1748 συνηλόα
1354 1665 1507 1748 περὶ
1547 1658 1858 1750 ἀλλήλοις
1892 1661 2143 1731 πεσόν-

55 1784 104 1824 15
140 1785 258 1840 τας
320 1760 658 1845 ἐμπηδῶν.
746 1766 908 1828 πᾶσι
976 1761 1051 1828 δὲ
1115 1759 1235 1841 τὰς
1299 1759 1466 1847 πρὸς
1528 1760 1599 1829 τὰ
1659 1775 1871 1849 τεῖχος
1920 1758 2142 1849 φυγὰς

135 1856 541 1945 ὑπετέμνετο
595 1859 706 1927 καὶ
764 1855 933 1945 πρὸς
981 1856 1057 1926 τὸ
1100 1863 1336 1927 πεδίον
1378 1857 1824 1950 ἀπέστρεφεν,
1881 1862 2006 1942 ἕως
2049 1866 2144 1953 τῷ

135 1955 388 2044 πλήθει
456 1955 855 2044 βιασάμενοι
917 1958 1027 2025 καὶ
1092 1957 1561 2040 διεκπεσόντες
1613 1963 1707 2040 εἰς
1756 1958 1881 2046 τὴν
1940 1958 2141 2028 πόλιν

135 2056 590 2141 συνέφευγον.

255 2153 638 2239 ἐκδέχεται
704 2150 771 2222 δ’
831 2150 1082 2235 αὐτους
1148 2153 1380 2234 στάσις
1434 2163 1591 2225 εἴσω
1631 2155 1918 2243 ’χαλεπή.
2005 2168 2144 2235 τοῖς
2185 2175 2269 2227 4·

48 2281 103 2320 πο
137 2253 265 2340 μὲν
303 2249 435 2337 γὰρ
471 2253 846 2338 ἐπιχωρίοις
894 2252 1007 2321 διά
1051 2277 1122 2320 τε
1161 2250 1283 2333 τοὶς
1321 2252 1583 2340 κτήσεις
1620 2256 1733 2322 καὶ
1771 2251 1898 2341 τὴν
1941 2254 2143 2322 πόλιν

134 2349 268 2420 οὐκ
307 2350 531 2419 ἐδόκει
574 2360 891 2438 πολεμεῖν
932 2348 1052 2420 ἀπ’
1087 2348 1324 2439 ἀρχῆς,
1378 2352 1490 2421 καὶ
1531 2352 1682 2420 τότε
1712 2349 1825 2422 διὰ
1864 2349 1990 2439 τὴν
2022 2344 2143 2440 ἦτ-

135 2476 264 2518 ταν
311 2452 546 2518 πλέον·
613 2446 650 2519 ὁ
707 2449 773 2521 δ’
833 2455 1082 2539 ἔπηλυς
1136 2450 1349 2532 πολύς
1401 2477 1502 2521 ων
1558 2454 1762 2522 πλέον
1822 2452 2137 2540 ἐβιάζετο.

135 2549 252 2616 καὶ
278 2552 784 2636 διωργισμένων
827 2549 933 2619 ἐπ’
983 2550 1295 2638 ἀλλήλοις
1337 2550 1600 2638 κραυγή
1628 2577 1702 2619 τε
1739 2543 1829 2638 ἦν
1860 2551 1971 2619 καὶ
2005 2550 2140 2618 θό-

135 2654 348 2737 ρυβος
378 2645 470 2731 ὥς
503 2647 669 2719 οσον
701 2675 893 2719 ουπω
929 2653 1326 2739 φερομένων
1357 2655 1451 2731 εἰς
1478 2649 1676 2720 οπλα.
1721 2648 2137 2727 κατακούσας

45 2776 100 2816 2⁵
137 2745 216 2814 δὲ
272 2753 391 2833 τῆς
434 2754 722 2837 ταραχῆς
770 2755 962 2830 Τίτος
1019 2746 1134 2839 (οὐ
1177 2747 1308 2835 γάρ
1366 2739 1455 2833 ἦν
1507 2745 1788 2816 απωθεν
1840 2752 1967 2814 τοῦ
2001 2752 2141 2814 τεί-

131 2842 379 2935 χους)“
390 2838 590 2927 οὗτος
609 2840 747 2935 ἦν
716 2873 754 2915 ο
777 2846 1024 2933 καιρός’
1028 2847 1298 2938 ’έκβοᾷ,
1335 2848 1447 2914 καὶ
1474 2844 1603 2935 “,τί
1630 2851 2135 2932 συστρατιωται,

129 2947 499 3062 μέλλομεν,
555 2947 941 3025 ἐκδιδόντος
984 2942 1144 3033 ἡμῖν
1185 2943 1557 3024 Ἰουδαίους
1596 2950 1805 3025 θεοῦς
1852 2945 2134 3024 δέξασθε

127 3046 260 3130 τὴν
300 3050 516 3130 νίκην.
587 3070 716 3113 ουκ
772 3043 1053 3113 ἀκούετε
1108 3051 1308 3132 βοῆς;
1367 3042 1838 3124 στασιάζουσιν
1897 3048 1968 3110 οἱ
2020 3069 2137 3122 τας

125 3157 353 3231 χεῖρας
417 3140 611 3230 ἡμῶν
670 3143 1141 3230 διαφυγόντες.
1230 3147 1468 3230 ἔχομεν
1521 3139 1647 3228 τὴν
1709 3142 1942 3228 πόλιν,
2013 3140 2133 3210 ἐὰν
2207 3192 2211 3196 -

41 3261 96 3303 ³0
130 3243 548 3330 ταχύνωμεν.
639 3246 748 3311 δεῖ
803 3243 886 3310 δὲ
944 3243 1163 3314 πόνου
1227 3239 1398 3326 πρὸς
1451 3247 1545 3332 τῷ
1604 3241 1781 3328 τάχει
1834 3241 1945 3308 καὶ
2012 3240 2136 3328 λή-

127 3367 367 3429 ματος·
441 3338 647 3411 οὐδὲν
699 3339 829 3429 γάρ
891 3349 1032 3411 τῶν
1090 3341 1401 3430 μεγάλων
1465 3351 1651 3429 φιλεῖ
1699 3346 1848 3427 δίχα
1892 3345 2136 3412 ’κινδύ-

133 3465 266 3509 νου
287 3446 823 3528 κατορθοῦσθαι.
890 3443 1189 3526 φθάνειν
1234 3439 1291 3511 δ’
1330 3440 1415 3512 οὐ
1453 3442 1666 3531 μόνον
1693 3444 1818 3533 χρὴ
1853 3445 1977 3534 τὴν
1999 3453 2134 3514 τῶν
