2450 3875
777 103 1068 164 ΛΟΓΟΣ
1103 104 1541 164 ΠΕΜΠΤΟΣ
2068 104 2140 165 31

151 279 382 363 τερον)
412 272 631 343 ἐδόκει
657 271 828 343 κατὰ
853 271 927 344 τὸ
959 269 1276 345 Ἰωάννου
1293 281 1416 345 τοῦ
1442 271 1798 364 ἀρχιερέως
1823 290 2148 365 μνημεῖον

156 384 600 466 προσβαλεῖν·
662 376 871 467 ταύτῃ
905 374 1033 467 γὰρ
1065 377 1141 446 τό
1176 403 1249 446 τε
1292 383 1560 466 πρῶτον
1603 368 1691 467 ἦν
1723 383 1936 466 ἔρυμα
1970 389 2147 467 χθα-

154 480 549 571 μαλώτερον
575 480 689 550 καὶ
716 477 789 549 τὸ
820 479 1141 569 δεύτερον
1171 476 1254 550 οὐ
1280 486 1641 568 συνῆπτεν,
1676 478 2148 568 ἀμελησάντων

156 581 325 655 καθ’
359 612 401 652 α
426 580 518 671 μὴ
545 589 701 652 λίαν
727 565 779 671 ἦ
797 580 996 670 καινὴ
1024 582 1216 665 πόλις
1244 581 1619 707 συνῴκιστο
1645 588 1966 672 τειχίζειν,
1995 581 2141 654 ἀλλ’

93 710 121 752 5
159 690 272 757 ἐπὶ
312 686 388 756 τὸ
417 693 645 776 τρίτον
686 674 774 774 ἦν
814 682 1158 774 εὐπέτεια,
1201 681 1297 755 δι’
1345 676 1429 754 οὗ
1461 683 1585 774 τὴν
1617 714 1759 756 ανω
1800 686 1998 757 πόλιν
2036 690 2149 756 καὶ

157 788 277 862 διὰ
329 796 444 877 τῆς
489 785 850 870 Ἀντωνίας
901 785 975 858 τὸ
1019 785 1206 876 ἱερὸν
1247 786 1552 877 αἱρήσειν
1592 786 1873 860 ἐπενόει.
1960 793 2034 860 ἐν
2072 790 2149 860 δὲ

74 941 81 946 ·
154 893 374 987 τούτῳ
398 890 774 981 περιιόντος
803 887 1019 962 αὐτοῦ
1041 890 1388 974 ’τοξεύεταί
1408 920 1505 973 τις
1532 900 1667 962 τῶν
1696 899 1954 980 φίλων,
1988 889 2149 963 ὀνό-

156 1024 316 1085 ματι
340 994 663 1086 Νικάνωρ
681 1046 700 1083 ,
740 993 908 1064 κατὰ
936 992 1055 1065 τὸν
1082 993 1277 1065 λαιὸν
1304 1022 1524 1082 ωμον,
1567 1001 1795 1084 ἔγγιον
1833 993 1996 1083 μετὰ
2025 1001 2147 1065 τοῦ

150 1097 472 1186 Ἰωσήπου
497 1096 936 1188 προσελθων,
964 1098 1078 1166 καὶ
1104 1097 1513 1187 πειρώμενος
1541 1095 1845 1188 εἰρηνικὰ
1872 1113 2009 1180 τοῖς
2038 1100 2149 1168 ἐπὶ

68 1225 126 1264 1⁰
165 1207 291 1298 τοῦ
316 1205 590 1288 τείχους
633 1198 746 1286 (οὐ
774 1198 916 1290 ,γὰρ
961 1222 1306 1288 αγνωστος
1348 1191 1463 1288 ἦν)
1513 1201 1964 1290 διαλέγεσθαι.
2034 1199 2149 1270 διὰ

171 1311 369 1374 τοῦτο
394 1301 509 1385 τὰς
536 1300 745 1393 ὁρμὰς
773 1301 1001 1374 αὐτῶν
1030 1300 1348 1392 ἐπιγνοὺς
1382 1311 1647 1393 Καῖσαρ
1664 1356 1683 1390 ,
1724 1310 1787 1373 εί
1805 1303 1982 1394 μηδὲ
2009 1310 2145 1376 τῶν

157 1410 270 1478 ἐπὶ
299 1414 595 1499 σωτηρία
625 1406 1045 1496 προσιόντων
1073 1402 1422 1495 ἀπέχοιντο
1440 1459 1459 1493 ,
1496 1403 1942 1494 παροξύνεται
1976 1411 2145 1496 πρὸς

156 1509 283 1599 τὴν
310 1516 741 1597 πολιορκίαν,
771 1505 905 1599 ἅμα
930 1535 1002 1578 τε
1029 1524 1166 1590 τοῖς
1202 1509 1490 1598 τάγμασι
1518 1514 1735 1600 δῃοῦν
1761 1507 1841 1578 τά
1871 1507 1999 1597 πρὸ
2029 1516 2145 1597 τῆς

156 1614 412 1693 πόλεως
460 1609 684 1701 ἠφίει,
743 1612 857 1682 καὶ
911 1614 1376 1700 συμφέροντας
1436 1614 1744 1682 ἐκέλευσε
1794 1612 1917 1700 τὴν
1959 1601 2145 1701 ’ῧλην

68 1745 121 1786 15
161 1720 450 1803 ἐγείρειν
475 1716 761 1805 χώματα.
790 1722 982 1805 τριχῇ
1022 1714 1097 1784 δὲ
1125 1714 1434 1797 διατάξας
1461 1713 1584 1802 τὴν
1620 1714 1937 1804 στρατιὰν
1980 1716 2147 1801 πρὸς

156 1817 238 1890 τὰ
272 1826 470 1908 ἔργα,
507 1821 750 1909 μέσους
778 1822 995 1906 ἵστησι
1034 1824 1170 1887 τῶν
1206 1816 1532 1906 χωμάτων
1570 1817 1725 1897 τούς
1765 1843 1836 1886 τε
1878 1813 2146 1886 ἀκοντι-

155 1919 314 2003 στὰς
352 1924 467 1992 καὶ
500 1920 799 2010 τοξότας,
842 1922 956 1993 καὶ
991 1917 1122 2009 πρὸ
1159 1918 1419 1991 τούτων
1467 1916 1625 2000 τοὺς
1667 1915 2007 2007 ὀξυβελεῖς
2032 1921 2147 1990 καὶ

80 2065 106 2089 e
154 2027 563 2106 καταπέλτας
589 2027 702 2095 καὶ
728 2023 844 2106 τὰς
872 2022 1278 2112 λιθοβόλους
1303 2021 1600 2113 μηχανάς
1619 2072 1638 2108 ,
1668 2018 1758 2103 ὦς
1784 2019 1901 2102 τάς
1928 2050 1999 2092 τε
2032 2027 2146 2092 έκ-

156 2126 407 2217 δρομὰς
434 2138 647 2217 είργοι
674 2134 810 2197 τῶν
848 2132 1188 2217 πολεμίων
1222 2129 1333 2195 ἐπὶ
1359 2123 1440 2195 τὰ
1480 2131 1643 2213 ἔργα
1680 2125 1795 2194 καὶ
1829 2123 1987 2207 τοὺς
2014 2122 2142 2197 ἀπὸ

56 2260 122 2301 2⁰
159 2238 283 2304 τοῦ
309 2238 568 2319 τείχους
598 2230 891 2301 κωλύειν
926 2230 1400 2317 πειρωμένους.

300 2336 741 2460 ’κοπτομένων
782 2335 857 2403 δὲ
891 2340 1028 2402 τῶν
1058 2335 1366 2421 δένδρων
1393 2330 1473 2402 τά
1512 2331 1873 2418 προάστεια
1912 2332 2036 2420 μὲν
2071 2335 2147 2401 έν

156 2436 338 2525 τάχει
365 2436 777 2526 γεγύμνωτο,
808 2438 1343 2525 συμφερομένων
1368 2434 1444 2504 δὲ
1473 2436 1584 2504 ἐπὶ
1610 2432 1691 2504 τὰ
1714 2434 1984 2523 χώματα
2010 2462 2146 2505 των

159 2539 409 2627 ξύλων,
440 2542 557 2610 καὶ
582 2545 696 2628 τῆς
723 2545 1034 2627 στρατιᾶς
1060 2535 1318 2627 ἀπάσης
1346 2540 1457 2609 ἐπὶ
1484 2535 1560 2608 τὸ
1605 2543 1805 2626 ἔργον
1834 2534 2146 2627 ωρμημέ-

155 2668 312 2731 νης,
349 2639 511 2714 οὐδὲ
539 2640 621 2712 τά
644 2640 827 2732 παρὰ
857 2669 996 2711 των
1012 2638 1361 2715 Ἰουδαίων
1392 2637 1643 2730 ἠρέμει.
1703 2637 1824 2710 τὸν
1866 2640 1992 2730 μὲν
2018 2629 2148 2711 οὖν

52 2770 118 2811 2⁵
156 2751 374 2835 δῆμον
425 2748 531 2816 έν
554 2742 883 2837 ἁρπαγαῖς
934 2741 1098 2815 οντα
1150 2746 1264 2814 καὶ
1316 2744 1554 2832 φόνοις
1605 2740 1964 2831 συνέβαινε
1997 2741 2147 2813 τότε

150 2860 472 2938 θαρρεῖν·
507 2846 961 2918 ἀναπνεύσειν
986 2874 1058 2917 τε
1083 2844 1211 2936 γὰρ
1240 2847 1766 2936 περισπωμένων
1794 2843 1961 2935 πρός
1987 2843 2147 2927 τούς

152 2955 411 3035 ἔξωθεν
438 2947 953 3040 ὑπελάμβανον,
999 2953 1113 3020 καὶ
1150 2949 1489 3038 λήψεσθαι
1529 2947 1712 3040 παρὰ
1749 2954 1885 3018 τῶν
1911 2954 2147 3018 αἰτίων

151 3050 349 3125 αὐτοὶ
378 3059 605 3142 δίκας,
664 3060 728 3123 εί
770 3050 1073 3143 Ῥωμαῖοι
1125 3055 1614 3143 περιγένοιντο·
1682 3048 1990 3140 Ἰωάννης
2049 3051 2146 3140 δέ,

146 3164 368 3229 καίτοι
405 3173 651 3247 χωρεῖν
693 3159 801 3227 ἐπὶ
828 3155 985 3238 τούς
1031 3159 1154 3249 ἔξω
1186 3162 1545 3244 πολεμίους
1584 3160 1720 3223 τῶν
1752 3157 1906 3243 περὶ
1933 3150 2146 3224 αὐτὸν

48 3290 113 3331 ³⁰
152 3256 604 3351 ὡρμημένων,
634 3262 771 3351 δέει
797 3267 917 3331 τοῦ
945 3267 1261 3348 Σίμωνος
1286 3265 1539 3347 ἔμενεν.
1569 3253 1653 3327 ού
1681 3255 1815 3347 μὴν
1842 3253 1878 3328 ὁ
1907 3265 2147 3346 Σίμων

144 3362 384 3455 ἠρέμει
414 3366 556 3451 (καὶ
583 3362 711 3453 γὰρ
739 3353 826 3452 ἦν
854 3370 1080 3452 ἔγγιον
1106 3369 1188 3454 τῇ
1219 3364 1601 3454 πολιορκίᾳ)
1618 3413 1638 3449 ,
1674 3358 1756 3430 τὰ
1784 3360 1859 3431 δὲ
1887 3356 2142 3449 ἀφετή-

142 3496 259 3560 ρια
291 3468 765 3567 διίστησινέπὶ,
786 3473 908 3537 τοῦ
935 3472 1216 3557 τείχους,
1248 3462 1372 3540 ὅσα
1395 3461 1678 3539 Κέστιόν
1697 3491 1768 3537 τε
1795 3460 2141 3557 ἀφῄρηντο
