2450 3875
776 139 1072 254 ΛοΓὸΣ
1124 174 1573 236 ΔΕΥΤΕΡΟΣ
2048 177 2174 241 207

170 331 836 419 ἐπαγανακτήσαντας
882 336 1104 413 λίθοις
1159 336 1272 402 καὶ
1320 336 1546 415 ξύλοις
1598 341 1906 418 παίοντες
1953 343 2045 418 εἰς
2095 340 2171 406 τὰ

167 429 331 498 ἄστυ
364 430 772 516 συνήλασαν.

330 531 610 608 Κέστιος
681 528 756 597 δὲ
804 527 930 614 τὴν
988 528 1159 616 πρὸς
1212 527 1545 618 ἀλλήλους
1597 529 1826 600 αὐτῶν
1873 535 2165 623 ταραχὴν
2192 546 2230 598 4

167 652 481 715 ευκαιρον
523 624 690 696 ίδῶν
721 632 813 707 είς
855 629 1196 713 ἐπίθεσιν,
1242 625 1509 697 ἅπασαν
1542 632 1746 717 έπῆγε
1784 633 1910 718 τὴν
1952 634 2165 702 δύνα-

99 747 128 788 a
168 753 314 812 μιν,
376 727 489 793 καὶ
529 726 896 810 τραπέντας
938 727 1164 810 μέχρις
1211 723 1694 814 Ιεροσολύμων
1749 733 2164 810 κατεδίωξεν.

163 822 896 908 στρατοπεδευσάμενος
950 824 1025 891 δὲ
1072 825 1180 891 ἐπὶ
1230 830 1352 892 τοῦ
1400 831 1825 912 καλουμένου
1878 837 2165 898 Σκοποῦ

165 926 393 1012 (διέχει
423 924 496 990 δὲ
530 914 730 1002 οὗτος
760 920 922 990 έπτά
951 929 1069 1009 τῆς
1103 924 1360 1005 πόλεως
1385 929 1766 1013 σταδίους),
1821 930 1990 1012 τρισὶ
2036 931 2161 1014 μὲν

157 1019 429 1109 ἡμέραις
470 1019 601 1090 οὐκ
639 1024 960 1108 ἐπεχείρει
997 1030 1079 1110 τῇ
1105 1024 1329 1111 πόλει,
1374 1025 1537 1110 τάχα
1568 1053 1632 1093 τι
1664 1027 1843 1111 παρὰ
1880 1032 2017 1096 τῶν
2048 1032 2163 1095 ἕν·-

157 1125 280 1191 δον
308 1118 804 1204 ἐνδοθήσεσθαι
836 1125 1267 1207 προσδοκῶν,
1320 1128 1412 1201 εἰς
1438 1123 1512 1190 δὲ
1541 1123 1659 1202 τὰς
1701 1127 1888 1207 πέριξ
1934 1125 2162 1209 κώμας

69 1243 126 1283 ιο
157 1216 265 1305 ἐφ’
304 1215 617 1305 ἁρπαγὴν
656 1224 846 1290 σίτου
884 1218 1178 1299 πολλοὺς
1207 1224 1497 1306 διαφῆκε
1532 1228 1668 1289 τῶν
1698 1229 2155 1307 στρατιωτῶν·

151 1324 233 1406 τῇ
272 1317 548 1404 τετάρτῃ
590 1319 698 1403 δέ,
743 1314 888 1404 ἥτις
933 1310 1021 1402 ἦν
1051 1315 1322 1400 τριακὰς
1341 1316 1890 1406 Ὑπερβερεταίου
1924 1321 2157 1409 μηνός,

149 1415 457 1497 διατάξας
497 1414 623 1501 τὴν
653 1413 970 1500 στρατιὰν
1003 1415 1357 1503 εἰσήγαγεν
1389 1423 1482 1498 εἰς
1510 1417 1635 1504 τὴν
1677 1419 1896 1488 πόλιν.
1963 1418 1999 1486 ὁ
2031 1422 2157 1506 μὲν

146 1507 276 1583 ούν
311 1519 518 1599 δῆμος
550 1510 685 1580 ὑπὸ
728 1527 866 1593 τοῖς
902 1528 1324 1593 στασιασταῖς
1359 1519 1742 1601 ἔμφρουρος
1787 1510 1906 1604 ἦν·
1965 1523 2033 1585 οἱ
2080 1518 2153 1585 δὲ

144 1614 529 1680 στασιασταὶ
568 1611 694 1699 τὴν
736 1609 1041 1693 εὐταξίαν
1071 1619 1209 1682 τῶν
1251 1610 1588 1698 Ῥωμαίων
1629 1621 2155 1703 καταπλαγέντες

55 1738 108 1779 »ὅ
143 1717 281 1779 τῶν
328 1714 454 1797 μὲν
511 1714 633 1791 ἔξω
671 1715 788 1796 τῆς
839 1709 1095 1789 πόλεως
1136 1715 1362 1796 μερῶν
1391 1708 1606 1796 εἶκον,
1651 1717 1742 1790 εἰς
1785 1711 2009 1799 δὲτὴν
2039 1718 2154 1782 έν-

139 1814 391 1894 δοτέρω
423 1811 534 1877 καὶ
559 1809 638 1877 τὸ
668 1807 853 1928 ίερόν
880 1807 1290 1893 ἀνεχώρουν.
1377 1811 1657 1894 Κέστιος
1684 1809 1755 1878 δὲ
1786 1812 2153 1894 παρελθών

136 1906 601 2025 ὑπεμπίπρησι
673 1909 797 1995 τήν
844 1933 916 1977 τε
957 1904 1258 1990 Βεζεθάν
1320 1912 1996 1996 προσαγορευομένην
2040 1915 2150 1980 καὶ

134 2006 263 2094 τὴν
309 1990 728 2076 Καινόπολιν
771 2009 884 2075 καὶ
939 2004 1013 2083 τῤ
1083 2004 1503 2091 καλούμενον
1558 2013 1809 2074 Δοκῶν
1859 2004 2147 2094 ἀγοράν·

131 2113 363 2176 ἔπειτα
401 2105 572 2193 πρὸς
594 2106 724 2193 τὴν
765 2132 907 2175 ανω
943 2106 1145 2175 πόλιν
1174 2104 1400 2174 ἐλθών
1430 2102 1714 2191 ἀντικρὺ
1741 2112 1858 2192 τῆς
1886 2114 2147 2194 βασιλι-

33 2236 96 2276 2⁰
132 2212 258 2292 κῆς
304 2203 517 2292 αὐλῆς
564 2203 1180 2290 ἐστρατοπεδεύετο.
1249 2197 1377 2299 κᾷν
1426 2210 1612 2291 εἴπερ
1656 2198 1946 2289 ἠθέλησε
1985 2203 2141 2274 κατ’

128 2301 352 2390 αὐτὴν
383 2307 648 2390 ἐκείνην
689 2302 814 2389 τὴν
848 2299 1034 2388 αἴραν
1076 2301 1266 2381 ἐντὸς
1301 2307 1439 2371 τῶν
1483 2308 1719 2387 τειχῶν
1752 2301 2143 2391 βιάσασθαι,

126 2410 509 2489 παραυτίκα
576 2402 700 2488 τὴν
752 2402 950 2469 πόλιν
998 2404 1144 2485 ἔσχε
1195 2401 1304 2467 καὶ
1365 2398 1487 2468 τὸν
1544 2399 1840 2488 πόλεμον
1889 2403 2140 2489 συνέβη

123 2502 649 2572 καταλελύσθαι.
717 2499 884 2570 ἀλλὰ
916 2499 1044 2587 γαρ
1089 2496 1132 2568 ὅ
1158 2525 1232 2567 τε
1260 2499 1836 2587 στρατοπεδάρχης
1872 2500 2142 2585 Τυράν-

121 2627 278 2682 νιος
315 2607 610 2687 Πρίσκος
651 2602 761 2668 καὶ
795 2607 931 2668 τῶν
972 2599 1325 2685 ἱππάρχων
1370 2603 1440 2668 οἱ
1475 2607 1769 2667 πλεῖστοι
1810 2599 2141 2687 χρήμασιν

23 2728 84 2768 2⁵
117 2691 269 2768 ὑπό
300 2698 589 2785 Φλώρου
630 2700 1070 2777 δεκασθέντες
1109 2695 1531 2783 ἀπέστρεψαν
1577 2694 1787 2765 αὐτὸν
1835 2704 1949 2782 τῆς
1991 2699 2141 2763 ἐπι-

110 2800 513 2887 χειρήσεως·
569 2800 680 2865 καὶ
730 2800 909 2879 παρὰ
954 2795 1080 2883 τὴν
1121 2802 1339 2865 αἰτίαν
1374 2796 1627 2881 ταύτην
1672 2792 1714 2863 ὅ
1741 2820 1811 2862 τε
1851 2796 2139 2881 πόλεμος

107 2900 229 2967 ἐπὶ
281 2903 608 2965 τοσοῦτον
657 2902 865 2983 μῆκος
908 2894 1172 2983 προύβη
1214 2896 1326 2962 καὶ
1353 2890 1717 2971 Ἰουδαίους
1749 2889 2134 2977 ἀνηκέστων

105 3001 498 3085 συμφορῶν
526 2991 1050 3081 ἀναπλησθῆναι
1078 2995 1473 3061 συνέπεσεν.

289 3097 366 3163 ἐν
396 3093 470 3162 δὲ
501 3092 720 3183 τούτῳ
750 3094 984 3162 πολλοὶ
1008 3097 1145 3159 τῶν
1171 3095 1530 3176 γνωρίμων
1559 3091 1903 3173 δημοτῶν,
1939 3081 2199 3153 ’Ami-5

0 3234 68 3275 κο
109 3226 222 3294 νφ
280 3203 378 3289 τῶ
403 3192 730 3263 Ἰωνάθου
782 3193 967 3261 παιδὶ
1013 3191 1437 3273 πεισθέντες,
1487 3185 1776 3254 ἐκάλουν
1830 3183 1950 3252 τὸν
1996 3190 2133 3254 Κέ-

97 3325 309 3371 στιον
351 3323 443 3376 ως
485 3292 864 3374 ἀνοίξοντες
900 3288 1082 3381 αὐτῶ
1128 3287 1249 3369 τὰς
1295 3286 1530 3368 πύλας.
1615 3283 1654 3353 ὃ
1696 3286 1923 3355 δὲκαὶ
1962 3286 2130 3371 πρὸς

92 3400 333 3490 ὀργὴν
362 3392 712 3481 ὑπεριδών
760 3395 872 3460 καὶ
918 3389 1009 3478 μὴ
1052 3388 1239 3458 πάνυ
1284 3384 1645 3465 πιστεύσας
1676 3387 2123 3473 διεμέλλησεν,
