2450 3875
790 205 1081 267 ΛΟΓΟΣ
1134 206 1483 267 ΠΡΩΤΟΣ
2059 206 2139 270 69

169 390 308 450 νων,
349 372 414 434 εί
427 390 489 434 τι
509 371 647 434 τών
679 363 993 436 ἀθεάτων
1014 363 1172 453 παρ’
1203 363 1433 435 αὐτῶν
1454 364 1724 454 ὀφθείη.
1769 369 2139 439 διεκώλυσε

168 463 230 531 δὲ
257 462 374 551 ἤδη
410 467 520 533 καὶ
550 463 670 546 τὰς
689 467 856 533 κατὰ
877 464 1002 553 τὴν
1022 464 1226 535 πόλιν
1256 463 1595 554 ἁρπαγάς,
1637 466 1852 538 πολλὰ
1887 473 2137 537 διατει-

166 564 418 648 νάμενος
441 564 611 652 πρὸς
637 564 957 650 Σόσσιον,
1007 568 1070 631 εί
1102 563 1457 651 χρημάτων
1487 590 1559 633 τε
1588 566 1700 633 καὶ
1720 562 1992 652 ἀνδρῶν
2013 566 2138 653 τὴν

165 663 336 730 πόλιν
362 661 665 750 Ῥωμαῖοι
713 663 1127 744 κενώσαντες
1155 669 1680 744 καταλείψουσιν
1716 664 1927 733 αὐτὸν
1977 669 2137 753 ἐρη-

49 766 54 774 ’
119 784 138 821 ⁵
161 766 290 845 μίας
307 765 608 849 βασιλέα,
637 764 749 830 καὶ
776 759 868 841 ὥς
890 762 997 829 ἐπὶ
1018 761 1363 830 τοσούτων
1391 769 1684 830 πολιτῶν
1708 762 1899 855 φόνῳ
1919 767 2132 851 βραχύ

159 860 253 927 καὶ
283 859 401 946 τὴν
439 866 556 948 τῆς
583 862 986 947 οἰκουμένης
1020 855 1387 947 ἡγεμονίαν
1429 857 1856 948 ἀντάλλαγμα
1893 869 2135 949 κρίνοι.

159 963 263 1026 τοῦ
297 960 369 1028 δὲ
415 957 567 1028 ἀντὶ
603 965 719 1046 τῆς
764 964 1153 1045 πολιορκίας
1182 958 1301 1041 τὰς
1333 956 1637 1046 ἁρπαγάς
1674 965 1946 1041 δικαίως
1999 976 2137 1042 τοῖς

157 1057 561 1145 στρατιώταις
593 1059 971 1143 ἐπιτρέπειν
1012 1063 1346 1145 φαμένου,
1390 1055 1596 1140 αὐτὸς
1632 1063 1762 1146 ἔφη
1795 1064 2139 1144 διανεμεῖν

156 1154 220 1219 ἐκ
260 1161 390 1222 τῶν
429 1160 623 1225 ἰδίων
655 1154 1013 1243 χρημάτων
1046 1155 1208 1237 τούς
1243 1154 1537 1243 μισθοὺς
1577 1158 1896 1239 ἑκάστοις.
1955 1155 2136 1226 οὕτω

93 1275 129 1315 ιο
154 1278 215 1320 τε
241 1254 357 1342 τὴν
399 1253 646 1342 λοιπὴν
692 1254 1194 1343 ἐξωνησάμενος
1238 1260 1555 1346 πατρίδα,
1598 1255 1716 1338 τὰς
1746 1254 2139 1344 ὑποσχέσεις

152 1351 502 1441 ἐπλήρωσε·
547 1361 868 1441 λαμπρώς
886 1353 1011 1441 μὲν
1035 1353 1166 1443 γᾶρ
1196 1356 1479 1423 ἕκαστον
1510 1356 1943 1443 στρατιώτην,
1967 1360 2135 1425 ἀνα-

150 1451 340 1537 λόγως
360 1455 434 1521 δὲ
463 1452 625 1533 τούς
645 1449 998 1540 ἡγεμόνας,
1024 1452 1512 1540 βασιλικώτατα
1535 1453 1609 1521 δὲ
1643 1450 1855 1522 αὐτὸν
1877 1454 2137 1540 ἐδωρή-

148 1568 288 1619 σατο
310 1552 629 1639 Σόσσιον,
674 1547 767 1632 ὥς
788 1555 1039 1638 μηδένα
1059 1553 1414 1638 χρημάτων
1437 1549 1762 1621 ἀπελθεῖν
1785 1552 2134 1639 δεόμενον.

149 1650 417 1731 Σόσσιος
438 1651 516 1719 δὲ
544 1656 847 1738 χρυσοῦν
869 1647 1148 1730 ἀναθεὶς
1160 1657 1253 1741 τῷ
1272 1657 1416 1741 θεῷ
1439 1655 1775 1737 στέφανον
1786 1648 2136 1733 ἀνέζευξεν

86 1766 124 1809 1⁵
147 1746 258 1817 ἀπὸ
272 1747 772 1837 Ἱεροσολύμων,
803 1746 991 1835 ἄγων
1013 1750 1363 1836 δεσμώτην
1377 1747 1764 1835 Ἀντίγονον
1780 1745 2131 1837 Ἀντωνίῳ.

294 1856 540 1917 τοῦτον
602 1849 726 1933 μὲν
774 1839 934 1934 οὖν,
980 1848 1538 1935 φιλοψυχήσαντα
1579 1849 1805 1934 μέχρις
1853 1847 2133 1932 ἐσχάτου

147 1945 244 2014 διά
262 1953 522 2035 ψυχρᾶς
540 1948 829 2035 ἐλπίδος,
853 1945 1034 2029 ἄξιος
1055 1953 1174 2034 τῆς
1196 1944 1548 2033 ἀγεννείας
1561 1950 1846 2028 πέλεκυς
1868 1948 2133 2032 ἐκδέχε-

146 2070 263 2113 ται·
308 2045 625 2135 βασιλεὺς
651 2047 726 2115 δὲ
751 2042 1055 2132 Ἡρώδης
1083 2050 1434 2133 διακρίνας
1461 2043 1536 2114 τό
1574 2042 1748 2132 ,κατὰ
1779 2043 1904 2131 τὴν
1934 2044 2133 2112 πόλιν
2159 2055 2196 2108 4

148 2150 424 2232 πλῆθος,
465 2141 630 2224 τοὺς
650 2144 776 2230 μὲν
803 2140 884 2211 τὰ
910 2142 1126 2213 αὐτοῦ
1147 2142 1620 2232 φρονήσαντας
1644 2141 2134 2228 εὐνουστέρους

82 2260 125 2300 ²
150 2255 272 2323 ταῖς
311 2256 531 2330 τιμαῖς
579 2247 979 2329 καθίστατο,
1022 2240 1182 2324 τοὺς
1230 2243 1304 2310 δὲ
1342 2240 1829 2329 Ἀντιγονείους
1875 2240 2132 2333 ἀνῄρει.

145 2341 241 2410 καὶ
259 2341 422 2410 κατὰ
443 2339 700 2410 σπάνιν
728 2336 857 2427 ἤδη
889 2338 1247 2428 χρημάτων
1287 2338 1453 2409 ὅσον
1475 2339 1606 2428 εἶχε
1638 2340 1893 2427 κόσμον
1927 2368 2133 2410 κατα-

144 2438 602 2526 νομιστεύσας,
639 2435 974 2530 Ἀντωνίφ
1004 2442 1116 2509 καὶ
1146 2452 1285 2520 τοῖς
1307 2442 1458 2525 περὶ
1491 2437 1703 2509 αὐτὸν
1728 2436 2131 2527 ἀνέπεμψεν.

144 2532 216 2603 οὐ
234 2538 364 2624 μὴν
375 2536 652 2618 εἰσάπαξ
669 2535 1041 2622 ἐξωνήσατο
1064 2534 1138 2605 τὰ
1166 2537 1378 2623 μηδὲν
1394 2545 1642 2605 παθεῖν
1657 2562 1672 2578 ·
1698 2532 1828 2622 ἤδη
1841 2533 1970 2623 γὰρ
1979 2533 2130 2603 Ἀν-

143 2633 362 2715 τώνιος
382 2640 477 2724 τῷ
490 2632 925 2720 Κλεοπάτρας
946 2638 1143 2718 ἔρωτι
1171 2634 1671 2720 διεφθαρμένος
1699 2631 1917 2719 ἥττων
1945 2624 2032 2719 ἦν
2056 2633 2131 2698 ἐν

77 2751 118 2794 n
144 2736 288 2800 πᾶσι
307 2739 426 2819 τῆς
447 2735 834 2820 ἐπιθυμίας,
865 2730 1264 2817 Κλεοπάτρα
1298 2731 1371 2799 δὲ
1402 2735 1844 2812 διεξελθοῦσα
1869 2727 1994 2815 τὴν
2015 2755 2128 2814 γε-

142 2829 287 2897 νεὰν
298 2829 422 2916 τὴν
435 2829 677 2916 ἑαυτῆς
690 2825 783 2909 ώς
805 2830 1058 2916 μηδένα
1069 2834 1209 2896 τών
1235 2825 1346 2914 ἀφ’
1364 2832 1636 2915 αἵματος
1657 2823 2131 2914 ὑπολιπέσθαι,

140 2926 206 2995 τὸ
227 2927 468 2999 λοιπὸν
488 2928 641 3014 περὶ
670 2927 831 3010 τοὺς
853 2933 1107 3009 ἔξωθεν
1128 2927 1366 3014 ἐφόνα,
1395 2927 1506 2994 καὶ
1529 2922 1687 3005 τούς
1709 2925 1784 2991 ἐν
1795 2927 1967 2992 τέλει
1980 2925 2131 2992 Σύ-

139 3048 268 3108 ρων
293 3026 753 3115 διαβάλλουσα
784 3023 956 3112 πρὸς
976 3026 1100 3094 τὸν
1117 3021 1482 3094 ’Λντώνιον
1503 3018 1812 3105 ἀναιρεῖν
1834 3024 2128 3110 ἔπειθεν,

139 3119 222 3204 ὥς
253 3121 338 3194 ἂν
358 3133 500 3196 τών
520 3125 824 3213 κτήσεων
846 3125 1132 3193 ἑκάστου
1170 3126 1416 3213 ῥᾳδίως
1452 3121 1776 3207 γενομένη
1805 3119 2128 3201 δεσπότις.

75 3240 116 3278 ²⁰
142 3224 227 3290 ἔτι
245 3226 317 3292 δὲ
344 3226 732 3292 ἐκτείνουσα
753 3221 878 3310 τήν
902 3226 1292 3304 πλεονεξίαν
1313 3221 1420 3288 ἐπὶ
1435 3216 1797 3298 Ἰουδαίους
1809 3214 2131 3304 καὶἍρα-

141 3326 282 3409 βας,
331 3320 768 3410 ὑπειργάζπο
803 3323 963 3404 τοὺς
998 3321 1333 3408 ἑκατέρων
1364 3325 1659 3407 βασιλεῖς
1675 3312 1987 3405 Ἡρώδην
2018 3321 2129 3388 καὶ

141 3418 441 3508 Μάλιχον
462 3418 924 3510 ἀναιρεθῆναι.
