2450 3875
770 216 1067 278 ΛΟΓΟΣ
1090 214 1534 277 ΔΕΥΤΕΡΟΣ
2027 215 2138 278 161

160 390 360 454 ταῦτα
390 377 598 450 εἰπών
628 375 740 446 διὰ
774 380 976 465 μέσης
1002 374 1271 465 ωρμησε
1300 381 1416 464 τῆς
1440 384 1694 467 βουλῆς
1722 379 1972 459 πάντας
1988 379 2150 460 τούς

157 477 643 569 συστρατιώτας
653 473 1117 565 ἐφελκόμενος.
1160 480 1231 544 οἱ
1245 477 1319 544 δὲ
1343 473 1733 564 εὐπατρίδαι
1755 485 2150 565 παραχρῆμα

162 582 282 668 μὲν
315 577 485 666 πρὸς
523 577 646 663 τὴν
689 572 1046 654 ἀπόλειψιν
1087 577 1411 662 περιδεώς
1445 579 1675 663 ἔσχον,
1718 568 1921 656 αὐθις
1947 577 2022 644 δὲ
2059 573 2152 657 ὡς

160 674 549 766 ἀποστροφὴ
578 674 905 760 σωτήριος
933 667 1017 740 οὐ
1039 677 1497 759 κατεφαίνετο,
1522 673 1796 759 τὴντῶν
1824 693 2149 759 στρατιω-

107 804 134 844 ⁵
165 802 298 845 των
329 773 496 844 ὁδὸν
529 770 886 860 ἠπείγοντο
917 767 1084 857 πρὸς
1110 770 1479 838 Κλαύδιον.
1561 767 1881 858 ὑπήντων
1915 770 1984 840 δ’
2022 770 2150 841 αὐ-

160 887 295 956 τοῖς
328 871 458 961 πρὸ
490 879 614 940 τοῦ
633 876 893 957 τείχους
921 883 1204 956 γυμνοῖς
1232 883 1371 949 τοῖς
1393 874 1656 956 ξίφεσιν
1683 873 1753 938 οί
1777 872 2148 960 σφοδρότε-

161 1000 283 1062 ρον
315 970 796 1050 κολακεύοντες
825 969 949 1056 τὴν
977 967 1216 1055 τύχην·
1262 964 1392 1037 κᾶν
1423 972 1672 1058 συνέβη
1712 976 2151 1041 κινδυνεῦσαι

158 1072 318 1154 τούς
344 1070 762 1159 προάγοντας
797 1071 957 1153 πρὶν
984 1073 1242 1154 γνώναι
1274 1067 1400 1154 τήν
1420 1065 1637 1155 ὁρμὴν
1666 1074 1806 1137 τών
1827 1088 2149 1191 στρατιω-

131 1178 294 1241 τοῖν
319 1169 699 1256 Κλαύδιον,
746 1172 808 1236 εἰ
842 1163 932 1254 μὴ
976 1165 1430 1254 προσδραμων
1452 1164 1811 1253 Ἀγρίππας
1857 1167 2036 1259 αὐτῷ
2072 1168 2149 1237 τὰ

77 1293 128 1337 ιο
163 1267 577 1390 κινδύνευμα
599 1272 716 1353 τῆς
743 1262 1043 1350 πράξεως
1078 1262 1513 1353 ἐδήλωσεν,”
1470 1291 1573 1333 οτι
1598 1291 1702 1354 τε,
1734 1271 1798 1334 εί
1820 1263 1928 1362 μὴ
1947 1266 2151 1335 κατά-

158 1390 304 1456 σχοι
332 1365 459 1454 τὴν
478 1364 697 1452 ὁρμὴν
715 1370 853 1432 τών
874 1364 984 1432 ἐπὶ
1007 1362 1170 1443 τούς
1193 1360 1598 1452 εὐπατρίδας
1619 1316 2149 1453 λελυσσηκότων,

156 1464 483 1547 ἀπολέσας
524 1461 616 1532 δι’
678 1458 800 1543 οὖς
839 1460 916 1531 τὸ
964 1474 1235 1552 κρατεῖν
1275 1462 1412 1532 ἐστὶ
1458 1468 1843 1550 περίοπτον,
1883 1465 2152 1551 ἐρημίας

154 1571 370 1635 ἔσοιτο
392 1561 724 1652 βασιλεύς.

321 1668 531 1731 ταῦτα
583 1658 877 1738 ἀκούσας
929 1661 1277 1739 Κλαύδιος
1322 1658 1551 1746 ἐπέσχε
1602 1658 1720 1738 τὰς
1773 1656 1986 1747 ὁρμὰς
2024 1666 2150 1729 τοῦ
2177 1675 2210 1727 5

68 1787 122 1830 ιτ
157 1765 654 1851 στρατιωτικοῦ,
680 1759 1115 1844 προσδέχεταί
1132 1781 1204 1824 τε
1213 1753 1341 1843 τὴν
1352 1754 1731 1844 σύγκλητον
1747 1763 1839 1838 εἰς
1860 1758 1935 1826 τὸ
1948 1777 2153 1846 στρα-

154 1860 464 1948 τόπεδον,
511 1859 622 1926 καὶ
665 1856 1339 1946 φιλοφρονησάμενος
1378 1859 1576 1937 ἔξεισι
1613 1854 1744 1925 σύν
1780 1855 2005 1938 αὐτοῖς
2026 1854 2154 1926 αὐ-

152 1966 305 2030 τίκα
327 1958 570 2028 θύσων
597 1962 690 2047 τῷ
730 1962 875 2046 θεῷ
910 1952 991 2022 τὰ
1025 1955 1179 2043 περὶ
1211 1960 1330 2041 τῆς
1360 1951 1715 2041 ἡγεμονίας
1744 1954 2152 2043 χαριστήρια.

154 2055 412 2128 καὶτὸν
428 2053 797 2143 Ἀγρίππαν
825 2050 1082 2134 εὐθέως
1104 2055 1415 2140 ἐδωρεῖτο
1443 2058 1524 2145 τῇ
1553 2056 1826 2145 πατρώᾳ
1854 2060 2156 2144 βασιλείᾳ

157 2155 359 2246 πάσῃ,
381 2154 768 2242 προστιθεὶς
796 2155 1052 2233 ἔξωθεν
1072 2151 1184 2218 καὶ
1209 2149 1327 2230 τὰς
1348 2146 1469 2219 υπ’
1494 2148 1900 2237 Αὐγούστου
1923 2157 2155 2223 δοθεί-

66 2284 127 2326 2⁰
159 2276 285 2349 σας
301 2253 564 2344 Ἡρώδη
594 2259 1006 2339 Τραχωνῖτιν
1026 2251 1139 2318 καὶ
1157 2246 1551 2338 Αὐρανῖτιν,
1573 2250 1772 2338 χωρὶς
1791 2251 1865 2318 δὲ
1896 2250 2155 2320 τούτων

153 2355 390 2443 ἑτέραν
410 2355 752 2441 βασιλείαν
784 2347 910 2435 τὴν
930 2354 1278 2416 Λυσανίου
1304 2350 1747 2436 καλουμένην.
1790 2351 1899 2419 καὶ
1919 2356 2011 2442 τῷ
2031 2351 2155 2438 μὲν

154 2453 349 2543 δήμῳ
390 2449 781 2536 διατάγματι
809 2448 935 2533 τὴν
981 2443 1245 2534 δωρεάν
1281 2447 1561 2536 ἐδήλου,
1604 2460 1742 2529 τοῖς
1776 2447 2056 2537 αρχουσι
2080 2448 2156 2518 δὲ

157 2551 565 2635 προσέταξεν
587 2545 1075 2634 ἐγχαράξαντας
1109 2545 1364 2625 δέλτοις
1392 2552 1662 2631 χαλκαῖς
1688 2544 1811 2632 τὴν
1839 2545 2031 2615 δόσιν
2062 2552 2156 2628 είς

154 2651 235 2719 τὸ
266 2646 702 2719 Καπετώλιον
728 2641 1104 2712 ἀναθεῖναι.
1183 2647 1493 2730 δωρεῖται
1528 2645 1601 2712 δὲ
1631 2641 1842 2713 αὐτοῦ
1882 2645 1994 2712 καὶ
2034 2642 2157 2714 τὸν

57 2779 122 2821 25
156 2743 463 2833 άδελφόν
484 2740 791 2829 Ἡρώδην
826 2738 892 2831 (ὁ
916 2738 990 2809 δὲ
1014 2738 1217 2821 αὐτὸς
1240 2742 1351 2810 καὶ
1385 2741 1682 2831 γαμβρὸς
1716 2732 1804 2830 ἦν
1834 2747 2157 2833 Βερενίκῃ

155 2846 530 2932 συνοικῶν)
561 2846 864 2932 βασιλείᾳ
884 2846 967 2930 τῇ
989 2845 1292 2910 Χαλκίδι.

327 2947 572 3031 ταχέως
633 2946 740 3030 δέ,
801 2939 892 3022 ὡς
937 2937 1025 3009 ἂν
1078 2943 1154 3009 ἐκ
1202 2939 1530 3028 τοσαύτης
1584 2936 1819 3029 ἀρχῆς,
1868 2946 2158 3025 πλοῦτος
2183 2956 2219 3013 6

140 3043 482 3131 Ἀγρίππᾳ
501 3042 880 3129 προσέρρει,
903 3040 1013 3107 καὶ
1034 3052 1172 3119 τοῖς
1193 3037 1526 3125 χρήμασιν
1549 3036 1753 3120 αὐτὸς
1780 3035 1909 3109 οὐκ
1932 3044 2024 3122 εἰς
2042 3066 2156 3127 μι-

147 3140 288 3230 κρὰ
320 3145 716 3226 κατεχρῆτο,
745 3144 1145 3225 τηλικοῦτον
1173 3138 1248 3206 δὲ
1292 3136 1719 3227 περιβάλλειν
1750 3134 1992 3226 ἤρξατο
2020 3153 2159 3221 τοῖς

49 3275 113 3316 ao
137 3240 641 3327 Ἰεροσολύμοις
673 3251 886 3325 τεῖχος
919 3234 1156 3325 ἡλίκον
1187 3261 1276 3303 αν
1319 3232 1704 3305 τελεσθὲν’
1665 3238 2005 3325 ανήνυτον
2034 3237 2158 3326 τὴν

146 3338 260 3409 ἐν’
260 3345 586 3427 Ρωμαίοις
609 3340 877 3425 ἐποίησε
891 3341 1301 3423 πολιορκίαν.
1356 3330 1493 3404 ἀλλ’
1511 3339 1694 3423 ἔφθη
1719 3334 1878 3420 πρὶν
1891 3331 2158 3418 ὑψωσαι

144 3439 231 3511 τὸ
276 3444 483 3526 ἔργον
531 3436 928 3525 τελευτήσας
961 3438 1039 3505 έν
1071 3440 1467 3528 Καισαρείᾳ,
1516 3434 2008 3525 βεβασιλευκώς
2033 3438 2158 3526 μὲν

238 3564 502 3609 msam.
528 3563 588 3607 v.
1753 3539 1825 3600 11
1940 3538 1945 3547 '
