2450 3875
714 174 1007 236 ΛΟῙῸΣ
1055 171 1406 236 ΠΡΩΤΟΣ
1980 174 2063 237 95

133 340 400 425 διαβολῶν
427 330 600 426 ἦσαν
642 333 997 423 ῶκύτεραι.
1080 335 1494 425 κατηγόρητο
1555 341 1729 422 γοῦν
1771 364 1871 419 τις
1909 334 2063 423 ἄρτι

127 438 545 526 κατηγορήσας,
588 436 816 526 καὶτῷ
845 433 1013 522 πρὸς
1036 432 1249 503 αὐτοῦ
1276 438 1728 523 διελεγχθέντι
1753 436 2065 525 συναπή-

127 558 258 618 γετο.
318 537 421 618 τὰς
445 536 573 625 γὰρ
609 533 932 617 ἐξετάσεις
957 541 1083 602 τοῦ
1101 538 1426 623 βασιλέως
1454 530 1491 603 ὁ
1525 537 1677 622 περὶ
1705 541 1822 623 τῆς
1845 542 2065 624 ψυχῆς

123 636 378 715 κίνδυνος
402 632 825 721 ὑπετέμνετο.
887 633 1158 721 προύβη
1203 634 1279 705 δὲ
1309 637 1403 714 εἰς
1432 640 1761 703 τοσοῦτον
1798 640 2064 720 πικρίας

65 753 103 825 ‚⁵
126 725 193 809 ὥς
226 732 368 817 μηδὲ
402 738 541 800 τῶν
588 729 1073 800 ἀκαταιτιάτων
1115 732 1249 798 τινὶ
1288 735 1738 819 προσβλέπειν
1779 728 2062 820 ἡμέρως,

119 825 250 897 εἶναι
275 829 340 899 δὲ
357 832 463 900 καὶ
488 845 625 912 τοῖς
648 837 871 918 φίλοις
894 826 1366 917 ἀπηνέστατος.
1414 836 1684 911 πολλοῖς
1725 837 1900 918 γοῦν
1934 828 2067 899 αύ-

116 933 221 995 τῶν
252 927 470 1000 ἀπεῖπε
503 928 578 999 τὸ
615 935 984 1019 βασίλειον·
1032 932 1144 998 καὶ
1179 928 1349 1016 πρὸς
1379 927 1502 1011 οὓς
1525 926 1654 998 οὐκ
1691 928 1820 1017 εἶχε
1842 929 2063 1018 χειρὸς

112 1024 386 1118 ἐξουσίαν,
413 1036 510 1120 τῷ
534 1030 712 1118 λόγω
731 1027 1015 1115 χαλεπὸς
1035 1019 1143 1114 ἦν.
1188 1030 1526 1116 συνεπέβη
1547 1028 1620 1098 δὲ
1637 1027 2064 1116 Ἀντίπατρος

111 1126 300 1208 ἐντατς
325 1141 700 1218 συμφοραῖς
727 1126 1170 1217 Ἀλεξάνδρῳ,
1214 1127 1327 1194 καὶ
1359 1139 1594 1214 στῖφος
1613 1126 1895 1214 ποιήσας
1925 1134 2065 1197 τῶν

63 1249 85 1288 ω
108 1232 409 1312 συγγενῶν
422 1224 554 1296 οὐκ
570 1231 751 1296 ἔστιν
770 1223 1010 1313 ἥντινα
1027 1223 1354 1314 διαβολὴν
1370 1228 1709 1313 παρέλιπε.
1751 1227 2062 1315 προήχθη

106 1327 167 1408 γέ
194 1351 283 1393 τοι
313 1327 480 1415 πρὸς
521 1331 852 1394 τοσοῦτον
893 1329 1090 1406 δέους
1122 1322 1159 1393 ὁ
1193 1326 1510 1414 βασιλεὺς
1538 1323 1673 1395 ὑπὸ
1722 1333 1838 1413 τῆς
1864 1350 2067 1415 τερα-

102 1428 242 1503 τείας
265 1421 474 1493 αὐτοῦ
508 1425 620 1492 καὶ
655 1430 794 1492 τῶν
817 1422 1305 1510 συνταγμάτων
1342 1420 1511 1495 ὥστε
1546 1425 1906 1511 ἐφεστάναι
1943 1429 2067 1493 δο-

102 1533 216 1587 κείν
239 1519 410 1615 αὐτῷ
431 1522 556 1592 τὸν
570 1519 1010 1608 Ἀλέξανδρον
1036 1521 1305 1608 ξιφήρη.
1354 1519 1710 1609 συλλαβῶν
1738 1528 1912 1609 γοῦν
1934 1519 2063 1592 αύ-

99 1618 194 1687 τόν
211 1618 440 1711 ἔδησεν
476 1626 808 1710 ἐξαπίνης,
852 1621 964 1690 καὶ
993 1617 1161 1707 πρὸς
1185 1621 1490 1708 βάσανον
1519 1620 1751 1708 ἐχώρει
1782 1628 1921 1690 τῶν
1944 1628 2063 1709 φί-

62 1726 211 1787 vim
238 1720 468 1792 αὐτοῦ.
507 1728 827 1810 σιγῶντες
865 1720 940 1788 δὲ
978 1716 1416 1807 ἀπέθνησκον
1448 1722 1518 1788 οἱ
1536 1721 1771 1789 πολλοὶ
1801 1723 1911 1789 καὶ
1933 1747 2064 1809 μη-

93 1817 188 1885 δὲν
223 1816 387 1910 ὑπὲρ
432 1818 514 1890 τὸ
559 1817 873 1899 συνειδὸς
915 1819 1245 1899 εἰπόντες·
1294 1823 1362 1887 οἳ
1393 1818 1468 1886 δὲ
1503 1814 1638 1887 ὑπὸ
1675 1825 1813 1887 τῶν
1854 1818 2062 1906 ἄλγη-

93 1918 281 1989 δόνων
305 1920 692 2005 ψεύσασθαι
726 1923 1125 2010 βιασθέντες
1148 1923 1384 2006 ἔλεγον
1408 1915 1498 2000 ὧς
1521 1918 1950 2008 ἐπιβουλεύοι
1991 1946 2063 1989 τε

89 2015 240 2112 αὐτῷ
288 2023 456 2110 μετὰ
501 2021 1026 2110 Ἀριστοβούλου
1083 2025 1208 2089 τοῦ
1270 2017 1604 2107 ἀδελφοῦ,
1678 2020 1789 2088 καὶ
1847 2045 2063 2108 παρα-

89 2124 377 2203 φυλάττοι
421 2126 857 2208 κυνηγοῦντα
911 2125 1175 2199 κτείνας
1230 2124 1324 2200 εἰς
1365 2119 1623 2206 Ῥώμην
1664 2116 2060 2202 ἀποδρᾶναι.

65 2218 338 2308 τούτοις,
376 2226 618 2306 καίπερ
659 2215 744 2287 ού
787 2228 1105 2299 πιθανοῖς
1147 2209 1349 2287 οὖσιν
1372 2214 1520 2286 ἀλλ’
1547 2214 1683 2285 ὑπὸ
1710 2223 1828 2304 τῆς
1851 2214 2065 2304 ἀνάγ-

83 2340 183 2403 κης
217 2321 782 2408 ἐσχεδιασμένοις,
822 2315 860 2387 ὁ
906 2316 1224 2407 βασιλεὺς
1262 2319 1611 2386 ἐπίστευεν
1649 2313 1895 2405 ἡδέως,
1933 2343 2064 2388 πα-

84 2426 398 2501 ραμυθίαν
432 2415 803 2507 λαμβάνων
835 2423 958 2486 τοῦ
993 2420 1194 2503 δῆσαι
1230 2413 1352 2484 τὸν
1394 2413 1549 2484 υἱὸν
1590 2413 1665 2488 τὸ
1699 2415 1789 2504 μὴ
1836 2421 2066 2486 δοκεῖν

80 2510 311 2600 ἇδίκως.

222 2613 257 2683 ὁ
283 2617 356 2685 δὲ
375 2612 813 2703 Ἀλέξανδρος
840 2615 983 2683 ἐπεὶ
1011 2613 1133 2683 τὸν
1154 2616 1408 2703 πατέρα
1438 2622 1869 2702 μεταπείθειν
1890 2612 2065 2701 άμή-
2082 2611 2167 2675 25

76 2734 264 2797 χανον
312 2713 526 2802 ἑώρα,
582 2726 721 2794 τοῖς
775 2716 1023 2794 δεινοῖς
1077 2709 1285 2799 ὁμόσε
1334 2727 1576 2800 χωρεῖν
1628 2717 1900 2799 διέγνω,
1955 2713 2067 2781 καὶ

73 2813 372 2898 τέσσαρας
394 2809 567 2882 κατὰ
592 2818 732 2880 τῶν
746 2813 1013 2900 ἐχθρῶν
1038 2817 1318 2900 βίβλους
1336 2812 1832 2900 συνταξάμενος
1853 2831 2067 2897 προσ-

74 2910 380 2999 ωμολόγει
412 2910 542 2999 μὲν
562 2907 688 2997 τὴν
708 2909 1102 2997 ἐπιβουλήν,
1141 2906 1518 2990 κοινωνούς
1550 2910 1624 2978 δὲ
1669 2908 2067 2979 ἀπεδείκνυε

71 3008 212 3091 τούς
238 3018 598 3091 πλείστους
651 3005 916 3098 αὐτῶν,
959 3006 1090 3098 πρὸ
1139 3012 1214 3077 δὲ
1265 3008 1545 3078 πάντων
1586 3008 1917 3097 Φερώραν
1955 3010 2068 3078 καὶ

70 3109 421 3198 Σαλώμην·
468 3106 724 3195 ταύτην
771 3108 899 3194 γὰρ
958 3108 1042 3194 δὴ
1082 3107 1194 3177 καὶ
1243 3112 1523 3195 μιγῆναί
1562 3131 1724 3176 ποτε
1756 3103 1941 3200 αύτῷ
1974 3107 2067 3194 μὴ

70 3213 349 3299 θέλοντι,
369 3207 646 3296 νύκτωρ
678 3211 1212 3297 εἰσβιασαμένην.
1260 3210 1332 3275 αἳ
1352 3232 1424 3276 τε
1442 3198 1573 3275 οὖν
1600 3212 1822 3296 βίβλοι
1850 3213 2070 3295 παρῆ-

70 3325 180 3375 σαν
208 3314 304 3391 εἰς
321 3321 553 3396 χεῖρας
569 3304 870 3398 Ἡρώδῃ,
914 3303 1130 3377 πολλὰ
1160 3306 1273 3375 καὶ
1295 3303 1487 3375 δεινὰ
1510 3303 1675 3374 κατὰ
1694 3311 1833 3374 τῶν
1856 3310 2070 3377 δυνα-

72 3410 186 3473 τῶν
242 3413 543 3496 βοῶσαι,
608 3407 723 3475 καὶ
764 3402 878 3476 διὰ
916 3405 1160 3493 τάχους
1214 3410 1313 3487 εἰς
1354 3402 1685 3476 Ἰουδαίαν
1722 3401 2075 3495 Ἀρχέλαος
