2450 3875
274 212 359 274 36
672 213 841 273 ΤΟΥ
878 197 1354 274 ΙΟΥΔΑΙΚΟΥ
1388 212 1824 273 ΠΟΛΕΜΟΥ

275 377 489 441 δαίων
518 368 1103 461 ἀνδραποδίζεται,
1148 381 1394 442 κτείνει
1412 373 1497 442 ,δὲ
1533 374 1645 443 καὶ
1673 374 2085 460 Πειθόλαον,
2129 365 2292 454 τοῦς

199 487 203 498 ”
267 473 793 562 Ἀριστοβούλου
816 471 1212 554 στασιαστὰς
1235 473 1751 543 ἐπισυνιστάντα
1765 499 1782 518 ·
1821 480 1947 543 τοῦ
1968 473 2192 561 φόνου
2216 475 2292 542 δὲ

277 566 367 660 ἦν
397 576 784 661 σύμβουλος
799 570 1245 659 Ἀντίπατρος.
1290 573 1507 662 τούτῳ
1530 572 1814 660 γήμαντι
1837 589 2125 662 γυναῖκα
2153 581 2295 644 τών

279 675 626 761 ἐπισήμων
661 676 726 754 ἐξ
744 671 1083 761 Ἀραβίας,
1127 669 1414 756 Κύπρον
1434 669 1768 760 τοῦνομα,
1813 677 2127 762 τέσσαρες
2169 677 2297 763 μὲν

279 778 451 855 υἱεῖς
489 780 828 860 γίνονται,
855 771 1208 857 Φασάηλος
1245 771 1355 839 καὶ
1397 768 1436 838 6
1488 773 1805 860 βασιλεὺς
1834 767 2039 856 αὖθις
2069 774 2292 855 Ἡρώ-
2331 797 2362 840 5

281 878 423 962 δης,
465 872 630 962 πρὸς
665 865 765 952 οἷς
799 868 1111 956 Ἰώσηπος
1145 872 1257 937 καὶ
1290 870 1643 960 Φερώρας,
1683 877 1794 942 καὶ
1827 877 2122 963 Σαλώμη
2155 886 2299 945 θὐ-

279 974 512 1062 γάτηρ.
578 973 1108 1057 ἐξοικειούμενος
1133 969 1208 1036 δὲ
1234 968 1393 1050 τοὺς
1433 978 1775 1058 πανταχοῦ
1806 973 2142 1055 δυνατοὺς
2178 1000 2300 1062 φι-

221 1137 232 1142 -
283 1079 455 1154 λίαις
489 1098 562 1140 τε
599 1072 708 1138 καὶ
733 1075 998 1156 ξενίαις,
1029 1068 1314 1156 μάλιστα
1347 1071 1808 1156 προσηγάγετο
1843 1070 1965 1141 τὸν
1994 1070 2301 1161 Ἀράβων

284 1176 564 1264 βασιλέα
615 1170 727 1239 διὰ
786 1169 910 1256 τὴν
951 1171 1337 1257 ἐπιγαμίαν·
1419 1166 1700 1255 κάπειδή
1742 1170 1865 1239 τὸν
1912 1172 2081 1257 πρὸς
2118 1170 2301 1259 Ἀρι-

285 1273 665 1361 στόβουλον
706 1268 1003 1338 ἀνείλετο
1052 1267 1383 1355 πόλεμον,
1445 1270 1680 1361 ἐκείνῳ
1721 1272 2301 1360 παρακαταθήκην
2343 1298 2397 1339 ιο

282 1377 537 1459 ἔπεμψε
574 1367 656 1437 τά
677 1373 897 1437 τέκνα.
986 1369 1285 1449 Κάσσιος
1322 1369 1397 1436 δὲ
1440 1368 1608 1437 κατὰ
1652 1370 2007 1457 συνθήκας
2042 1368 2307 1458 ἡσυχά-

282 1477 420 1552 ζειν
458 1470 895 1553 Ἀλέξανδρον
950 1464 1333 1553 ἀναγκάσας
1376 1469 1482 1536 ἐπὶ
1532 1467 1654 1536 τὸν
1703 1466 2075 1557 Εὐφράτην
2131 1467 2305 1538 ὑπέ-

280 1581 561 1656 στρεψε,
614 1567 945 1653 Πάρθους
1001 1571 1376 1655 διαβαίνειν
1433 1563 1793 1652 ἀνείρξων·
1862 1571 2016 1658 περὶ
2070 1561 2171 1638 ών
2224 1573 2306 1638 ἐν

282 1670 530 1755 ἑτέροις
554 1669 860 1754 ἐροῦμεν.

205 1777 250 1838 9
448 1776 709 1853 Καῖσαρ
734 1764 807 1833 δὲ
834 1767 1197 1852 Πομπηίου
1229 1768 1341 1833 καὶ
1369 1771 1486 1853 τῆς
1518 1766 1903 1854 συγκλήτου
1932 1769 2305 1856 φυγόντων
2349 1798 2402 1840 ιε

277 1865 453 1956 υπὲρ
502 1865 625 1934 τὸν
666 1862 904 1933 Ἰόνιον
938 1861 1184 1952 Ῥώμης
1238 1890 1309 1932 τε
1364 1866 1477 1932 καὶ
1528 1872 1668 1933 τῶν
1722 1865 1905 1937 ὅλων
1947 1869 2305 1957 κρατήσας,

280 1966 506 2056 ἀνίησι
547 1966 671 2053 μὲν
716 1972 855 2034 τών
898 1968 1166 2052 δεσμῶν
1208 1962 1332 2033 τὸν
1361 1962 1915 2055 Ἀριστόβουλον,
1954 1968 2310 2057 παραδους

281 2064 348 2134 δ’
394 2064 579 2156 αὐτῷ
618 2066 745 2132 δύο
789 2064 1089 2150 τάγματα
1120 2061 1289 2132 κατὰ
1331 2065 1525 2149 τάχος
1556 2069 1850 2152 ἔπεμψεν
1888 2072 1981 2148 εἰς
2010 2072 2307 2154 Συρίαν,

281 2164 535 2250 ταύτην
563 2188 635 2231 τε
666 2166 913 2252 ῥᾳδίως
944 2164 1215 2241 ἐλπίσας
1243 2162 1355 2229 καὶ
1383 2161 1465 2231 τὰ
1506 2166 1660 2248 περὶ
1690 2163 1815 2250 τὴν
1837 2161 2168 2234 Ἰουδαίαν
2197 2163 2301 2235 δι’

281 2260 497 2331 αὐτοῦ
525 2261 1001 2346 προσάξεσθαι.
1069 2261 1323 2346 φθάνει
1352 2264 1427 2329 δὲ
1456 2256 1493 2328 6
1527 2260 1792 2347 φθόνος
1826 2264 1940 2330 καὶ
1965 2262 2092 2350 τὴν
2118 2261 2306 2349 Ἀρι-
2345 2295 2407 2334 m

279 2361 659 2448 στοβούλου
691 2364 1082 2445 προθυμίαν
1112 2360 1220 2425 καὶ
1263 2357 1380 2439 τάς
1412 2366 1747 2445 Καίσαρος
1778 2363 2048 2444 ἐλπίδας
2067 2389 2080 2402 ·
2121 2390 2310 2451 φαρ-

279 2460 472 2550 μάκω
500 2463 673 2544 γοῦν
702 2451 1152 2544 ἀναιρεθεὶς
1114 2454 1252 2523 υπό
1283 2481 1422 2522 των
1451 2455 1532 2524 τὰ
1559 2460 1923 2546 Πομπηίου
1950 2461 2313 2580 φρονούν-

278 2583 451 2644 των,
483 2556 674 2643 μέχρι
704 2561 964 2624 πολλοῦ
996 2555 1120 2641 μὲν
1149 2551 1311 2622 ουδὲ
1341 2561 1558 2641 ταφῆς
1590 2557 1666 2623 ἐν
1698 2563 1780 2647 τῇ
1809 2559 2085 2650 πατρώα
2117 2560 2312 2650 χώρα

280 2671 609 2744 μετεῖχεν,
660 2659 872 2723 ἔκειτο
909 2651 974 2722 δ’
1024 2655 1098 2721 ἐν
1130 2654 1344 2741 μέλιτι
1389 2654 1935 2743 συντηρούμενος
1977 2653 2015 2725 6
2060 2658 2311 2745 νεκρὸς

281 2754 530 2842 αυτοῦ,
572 2756 697 2834 ἕως
723 2750 842 2822 ὑπ’
881 2749 1244 2822 Ἀντωνίου
1273 2748 1616 2834 Ἰουδαίοις
1645 2755 1962 2842 ἐπέμφθη
2005 2768 2146 2836 τοῖς
2174 2764 2405 2845 {Sa-25

281 2861 563 2934 σιλικοῑς
595 2858 942 2940 μνημείοις
969 2850 1530 2936 ἐνταφησόμενος.

217 2971 253 3022 2
451 2951 819 3037 ἀναιρεῖται
849 2950 922 3019 δὲ
950 2951 1062 3018 καὶ
1100 2946 1136 3017 6
1169 2948 1319 3031 υίὸς
1348 2950 1559 3019 αὐτοῦ
1583 2948 2015 3041 Ἀλέξανδρος
2040 2957 2309 3025 πελέκει

281 3048 415 3120 ὑπὸ
448 3057 834 3131 Σκιπίωνος
865 3051 941 3117 ἐν
960 3045 1358 3140 Ἀντιοχείᾳ,
1402 3057 1764 3139 Πομπηίου
1796 3048 1982 3119 τοῦτ’
2015 3054 2311 3123 ἐπιστεί-

279 3157 521 3228 λαντος
561 3151 673 3216 καὶ
709 3150 1074 3236 γενομένης
1107 3154 1508 3237 κατηγορίας
1550 3147 1681 3238 πρὸ
1722 3156 1848 3218 τοῦ
1876 3150 2176 3238 βήματος
2208 3145 2311 3221 ών

271 3244 631 3332 Ῥωμαίους
658 3252 923 3335 ἔβλαψε.
989 3250 1150 3328 τούς
1179 3245 1243 3316 δ’
1277 3245 1615 3334 ἀδελφοὺς
1646 3275 1861 3319 αυτου
1878 3255 2309 3371 Πτολεμαῖος
2354 3290 2418 3332 ³.

283 3340 320 3407 6
363 3350 718 3414 Μενναίου
767 3345 1209 3435 παραλαβών,
1266 3374 1343 3427 ος
1384 3351 1649 3432 ἐκράτει
1690 3357 1809 3437 τῆς
1857 3345 1994 3417 υπό
2042 3356 2140 3442 τῷ
2180 3360 2314 3421 Λι-

284 3438 470 3528 βάνῳ
512 3447 869 3525 Χαλκίδος,
919 3452 1354 3520 Φιλιππίωνα
1399 3446 1523 3517 τὸν
1573 3447 1730 3518 υίὸν
1783 3445 1899 3523 ,ἐπ’
1943 3446 2200 3532 αυτούς
2242 3458 2311 3519 εἰ
