2450 3875
709 170 985 228 CONTRA
1030 170 1341 229 APIONEM
1381 172 1504 229 ΠΒ.
1555 172 1622 229 11.
2042 168 2165 231 237

154 345 256 397 aut
281 337 526 398 omnium
558 336 897 398 rudissimus
926 335 1031 397 fuit
1048 336 1243 415 Apion
1265 335 1339 397 ad
1369 327 1826 416 componendum
1848 337 2028 399 verba
2059 339 2174 401 fal--

152 434 331 511 lacia,
348 426 451 495 ‘aut
476 443 637 496 certe
664 453 740 495 ex
760 427 939 496 rebu‘s
962 434 1118 495 initia
1138 419 1369 494 sumens
1385 432 1540 518 haec
1563 434 1806 514 implere
1833 452 1948 495 non
1963 435 2164 513 valuit,

157 533 392 614 quando
420 533 577 595 nulla
608 543 805 613 potest
834 543 1037 596 contra
1066 552 1175 596 nes
1202 532 1562 615 blasphemia
1593 536 1927 616 provenire.

329 631 570 692 alteram
602 651 749 694 vero
787 631 1074 714 fabulam,
1127 632 1512 712 derogatione
1554 642 1752 696 nostra
1795 634 2055 714 plenam,
2104 633 2178 696 de
2206 634 2240 692 7

96 744 127 786 5
159 729 407 792 Graecis
451 729 753 811 apposuit;
810 729 884 790 de
913 748 1039 809 quo.
1060 730 1176 791 hoe
1206 730 1407 791 dicere
1440 740 1530 792 sat
1559 732 1700 809 erit,
1759 733 2026 810 quoniam
2063 735 2167 814 qui

152 830 234 891 de
264 830 485 908 pietate
513 829 675 909 loqui
703 837 1095 909 praesumunt,
1129 839 1366 909 oportet
1400 847 1507 890 eos
1534 847 1649 890 non
1680 831 1954 909 ignorare
1982 834 2169 893 minus
2273 867 2283 878 -

162 945 305 989 esse
333 928 675 990 immundum
714 947 825 1008 per
849 927 1064 1007 templa
1106 929 1352 990 transire
1384 943 1552 1008 qnam
1593 930 2000 1012 sacerdotibus
2036 949 2167 992 sce·

86 1057 99 1068 ν
152 1026 310 1088 lesta
350 1028 531 1088 verba
572 1027 931 1106 contingere.
999 1028 1094 1088 isti
1124 1044 1271 1087 vero
1317 1029 1501 1106 magis
1539 1027 1814 1089 studuere
1845 1028 2169 1090 defendere

153 1121 757 1204 sacrilegumregem
797 1143 966 1205 quam
1017 1129 1275 1203 instaret
1315 1125 1548 1186 veracia
1597 1126 1671 1187 de
1727 1127 1941 1188 nostris
1993 1137 2054 1189 et
2094 1128 2170 1189 de

65 1248 123 1289 io
159 1225 385 1304 templo
432 1224 831 1288 conscribere.
905 1225 1176 1288 volentes
1227 1225 1380 1287 enim
1422 1224 1712 1286 Antiocho
1754 1226 2067 1304 gratificari
2109 1236 2170 1290 et

154 1323 462 1404 perfidiam
493 1343 565 1385 ae
595 1324 966 1402 sacrilegium
999 1327 1128 1401 ejus
1158 1334 1402 1402 tegere,
1459 1341 1574 1403 quo
1609 1327 1768 1386 circa
1799 1335 2035 1404 gentem
2064 1345 2168 1389 no·

161 1432 341 1484 stram
371 1432 465 1483 est
504 1441 642 1484 usus
686 1432 931 1502 propter
962 1420 1290 1501 egestatem
1331 1425 1737 1502 pecuniarum,
1789 1426 2171 1488 detrahentes

155 1522 333 1586 nobis
377 1522 548 1583 etiam
592 1540 743 1601 quae
785 1523 843 1581 in
886 1523 1091 1584 futuris
1139 1531 1342 1583 essent
1385 1524 1605 1584 mentiti
1655 1534 1803 1588 sunt.
1878 1525 2167 1605 propheta

154 1636 306 1682 vero
336 1620 578 1682 aliorum
607 1621 797 1682 factus
828 1630 920 1681 est
949 1620 1142 1698 Apion
1160 1666 1179 1696 ,
1220 1629 1281 1686 et
1310 1619 1453 1681 dixit
1477 1621 1827 1684 Antiochum
1856 1626 1914 1684 in
1943 1625 2164 1705 templo

60 1744 121 1790 15
159 1719 457 1779 invenisse
499 1717 709 1779 lectum
741 1727 800 1778 et
827 1718 1115 1778 hominem
1137 1720 1195 1777 in
1227 1736 1302 1779 eo
1319 1720 1638 1797 jacentem,
1670 1730 1729 1781 et
1756 1724 2080 1801 appositam
2109 1723 2166 1783 ei

154 1814 480 1879 mensulam
525 1816 820 1902 maritimis
866 1817 1233 1894 terrenisque
1263 1815 1584 1878 volatilium
1625 1817 1869 1898 dapibus
1910 1819 2166 1897 plenam,

156 1928 220 1981 et
250 1901 833 1998 quod'ohstupuisset
862 1914 951 1977 his
982 1914 1176 1977 homo.
1245 1915 1404 1977 illum
1430 1934 1575 1978 vero
1605 1932 1742 1978 mox
1764 1918 2044 1980 adorasse
2073 1938 2164 1980 re·

151 2020 248 2098 gis
296 2016 624 2095 ingressum
666 2025 935 2095 tanquam
981 2008 1282 2076 maximam
1327 2014 1438 2077 sibi
1489 2032 1664 2094 opem
1692 2016 2040 2095 praebituri:
2096 2035 2167 2079 ac

153 2116 558 2198 procidentem
587 2115 657 2176 ad
684 2117 812 2193 ejus
842 2131 1052 2191 genua,
1079 2122 1323 2174 extensa
1355 2113 1597 2174 dextera
1624 2116 1973 2193 poposcisse
1992 2114 2168 2177 liber-

60 2243 121 2285 2⁰
161 2226 369 2285 tatem
419 2223 478 2277 et
501 2213 747 2292 J’ubente
803 2231 949 2292 rege
980 2220 1042 2273 ut
1072 2212 1436 2289 consideret,
1484 2221 1544 2273 et
1578 2213 1804 2275 diceret
1845 2211 2169 2294 quis‘esset

151 2316 255 2377 vel
285 2332 389 2375 cnr
417 2313 629 2374 ibidem
666 2311 957 2374 habitaret
983 2310 1081 2371 vel
1111 2328 1262 2391 quae
1294 2319 1457 2372 esset
1499 2328 1672 2372 eausa
1714 2309 1974 2373 ciborum
2014 2314 2165 2390 ejus,

153 2426 295 2478 tunc
343 2414 629 2475 hominem
674 2430 803 2473 cum
846 2411 1061 2489 gemitu
1109 2419 1168 2471 et
1217 2410 1482 2471 lacrimis·
1514 2409 1960 2475 lamentabiliter
2003 2431 2166 2473 suam

152 2528 426 2573 narrasse
453 2511 886 2572 necessitatem.
938 2511 1053 2586 ait,
1089 2509 1306 2588 inquit,
1337 2526 1474 2569 esse
1502 2527 1569 2569 se
1602 2506 1912 2577 Graecum
1941 2518 2001 2569 et
2029 2510 2164 2571 dum

155 2618 503 2692 peragraret
549 2610 906 2689 provinciam
944 2607 1185 2689 parandi
1232 2608 1419 2668 victus
1453 2598 1672 2684 δοκι,
1721 2615 2053 2686 correptum
2093 2625 2160 2667 se

56 2729 118 2771 ⁴25
160 2707 357 2771 subito
382 2705 458 2767 ab
482 2706 830 2784 alienigenis
864 2704 1188 2767 hominibus
1216 2714 1393 2786 atque
1423 2704 1728 2766 deductum
1755 2706 1827 2766 ad
1861 2705 2160 2785 templum,

153 2818 216 2870 et
245 2804 530 2866 inclusum
559 2803 715 2881 ilttc,
748 2813 809 2865 et
834 2821 869 2864 a
898 2804 1058 2865 nullo
1084 2805 1377 2884 conspici,
1422 2803 1529 2864 sed
1566 2813 1771 2865 cuncta
1800 2803 2029 2885 dapium
2060 2824 2160 2885 ap·

153 2906 463 2989 paratione
492 2903 768 2982 saginari.
836 2911 898 2963 et
930 2906 1170 2983 primum
1200 2902 1432 2983 quidem
1463 2901 1612 2962 haec
1642 2902 1753 2963 sibi
1787 2903 2165 2982 inopinabilia

152 3004 448 3069 beneficia·
478 3003 604 3064 visa
627 3002 890 3065 attulisse
919 3001 1226 3092 laetitiam,
1258 3000 1472 3063 deinde
1496 3002 1920 3081 suspicionem,
1953 3013 2162 3083 postea

153 3117 485 3184 stuporem
542 3110 896 3182 postremum
936 3100 1336 3165 consulentem
1390 3119 1423 3162 a
1463 3099 1738 3161 ministris
1779 3099 1852 3162 ad
1891 3118 1958 3161 se
1989 3120 2170 3163 acce-.

66 3221 125 3262 :ro
166 3201 435 3266 dentibus
465 3201 699 3262 audisse
732 3200 926 3279 legem
955 3198 1310 3261 ineffabilem
1344 3198 1728 3277 Judaeornm,
1776 3217 1884 3280 pro
1916 3217 2029 3279 qna
2057 3219 2159 3260 nu·

150 3303 466 3372 triebatur;
520 3310 582 3364 et
618 3300 731 3362 hoc
759 3300 894 3361 illos
924 3296 1126 3360 facere
1156 3297 1399 3387 singulis
1434 3299 1598 3358 annis
1623 3296 1873 3377 quodam
1894 3305 2162 3377 tempore

153 3404 515 3470 constituto..
571 3410 633 3463 et
658 3397 1158 3479 comprehendere
1186 3395 1416 3495 quidem
1448 3394 1732 3456 Graecum
1763 3397 2157 3474 peregrinum,
