2450 3875
801 158 1094 219 ΛΟΓΟΣ
1120 158 1556 219 ΠΕΜΠΤΟΣ
1601 199 1610 208 -
2122 156 2160 216 5
2239 175 2242 178 ’

170 326 293 400 τὸν
317 325 697 417 ἀπόγνωσις
723 328 1022 400 ἑκάστου·
1071 337 1499 419 παρείθησαν
1521 328 1648 419 γὰρ
1677 336 1774 412 είς
1799 330 2016 401 πάντα
2043 327 2160 412 τὰς

170 439 559 522 προθυμίας
586 435 657 502 οί
687 429 779 522 μὴ
805 430 1262 516 στασιάζοντες
1289 427 1384 514 ώς
1407 428 1851 522 ἀπολούμενοι
1894 434 2158 515 πάντως

173 531 339 605 ὅσον
363 530 654 605 οὐδέπω.
706 540 1077 617 πατοῦντες
1101 532 1185 625 δὴ
1212 532 1372 617 τοῦς
1396 533 1676 624 νεκροὺς
1711 532 1813 606 ἐπ’
1847 533 2156 625 ἀλλήλοις

174 639 718 762 σεσωρευμένους
768 640 840 707 οἱ
872 641 1260 709 στασιασταὶ
1303 640 1827 724 συνεπλέκοντο,
1881 640 1995 708 καὶ
1998 636 2159 762 τὴν

113 767 143 810 ⁸
175 731 505 811 ἀπόνοιαν
547 735 682 811 ἀπὸ
715 745 856 810 τῶν
892 743 970 810 ἐν
1017 743 1174 813 ποσὶ
1224 740 1597 828 πτωμάτων
1647 761 1946 822 σπωντες
1988 729 2159 829 ἦσαν

173 841 600 932 ἀγριώτεροι·
653 846 1320 969 προσεξευρίσκοντες
1363 843 1439 914 δὲ
1475 839 1591 913 ἀεί
1621 869 1685 913 τι
1724 841 1886 912 καθ’
1930 838 2159 915 αυτών

172 944 490 1035 ὀλέθρων
514 946 629 1016 καὶ
654 950 793 1016 πᾶν
815 945 893 1017 τὸ
921 946 1169 1035 δοχθὲν
1195 942 1491 1034 ἀφειδῶς
1517 950 1809 1036 δρωντες
1832 943 2160 1036 οὐδεμίαν

175 1047 331 1120 οὔτε
382 1054 602 1129 αἰκίας
652 1044 819 1119 ὁδὸν
869 1046 1026 1120 οὔτε
1067 1046 1398 1139 ὠμότητος
1452 1051 1838 1138 παρέλιπον.
1926 1047 2159 1140 ἀμέλει

166 1150 477 1278 Ἰωάννης
500 1148 626 1239 τὴν
653 1148 843 1240 ἰεράν
867 1148 1040 1243 ὕλην
1057 1158 1153 1234 εἰς
1181 1158 1712 1242 πολεμιστηρίων
1736 1151 2158 1244 κατασκευὴν

92 1277 147 1319 ιο
177 1251 487 1342 ὀργάνων
511 1249 947 1343 ἀπεχρήσατο.
1003 1248 1205 1338 δόξαν
1234 1254 1363 1345 γάρ
1387 1281 1550 1326 ποτε
1578 1260 1672 1348 τῷ
1698 1261 1840 1326 λαω
1866 1258 1979 1326 καὶ
2019 1271 2158 1339 τοῖς
2202 1316 2208 1320 .

173 1355 597 1446 ἀρχιερεῦσιν
646 1353 1212 1447 ὑποστηρίξαντας
1264 1356 1386 1428 τὸν
1438 1355 1607 1428 ναόν
1660 1328 1871 1429 εἰκόσι
1928 1358 2156 1449 πήχεις

175 1461 615 1550 προσυψωσαι
632 1509 653 1546 ,
697 1459 970 1548 κατάγει
1009 1460 1138 1549 μὲν
1174 1457 1307 1532 ἀπὸ
1341 1464 1463 1531 τοῦ
1491 1460 1795 1548 Λιβάνου
1819 1468 2156 1552 μεγίστοις

172 1559 560 1651 ἀναλώμασι
599 1563 712 1632 καὶ
750 1560 980 1644 πόνοις
1012 1561 1141 1653 τὴν
1178 1562 1503 1653 χρήσιμον
1546 1557 1720 1651 ὕλην
1759 1560 1796 1633 ὁ
1839 1563 2156 1652 βασιλεὺς

164 1664 562 1754 Ἀγρίππας,
591 1664 756 1748 ξύλα
780 1667 946 1747 θέας
983 1664 1134 1750 ἀξια
1157 1668 1283 1755 τήν
1308 1692 1381 1735 τε
1409 1662 1747 1755 εὐθύτητα
1787 1669 1898 1736 καὶ
1924 1664 2000 1738 τὸ
2034 1671 2150 1757 με’-

92 1796 143 1838 ιε
174 1778 380 1857 γεθος
393 1818 414 1854 ,
465 1768 1040 1860 μεσολαβήσαντος
1091 1767 1168 1840 δὲ
1217 1772 1339 1838 τοῦ
1374 1769 1670 1856 πολέμου
1706 1766 1782 1838 τὸ
1827 1775 2028 1858 ἔργον
2043 1820 2063 1855 ,
2116 1766 2154 1841 ὁ

163 1869 477 1960 Ἰωάννης
499 1868 721 1961 τεμών
759 1869 929 1943 αὐτὰ
953 1871 1253 1960 πύργους
1280 1870 1790 1959 κατεσκεύαζεν,
1831 1875 2155 1961 ἐξαρκοῦν

170 1972 247 2047 τὸ
275 1979 485 2064 μῆκος
524 1970 746 2065 εὑρών
775 1974 940 2063 πρὸς
972 1972 1130 2057 τοὺς
1154 1971 1288 2043 ἀπὸ
1323 1978 1446 2044 τοῦ
1489 1973 1946 2064 καθύπερθεν,
1966 1979 2154 2065 ἱεροῦ

171 2079 619 2168 μαχομένους·
671 2082 898 2168 ἵστησί
926 2104 1000 2148 τε
1028 2074 1475 2166 προσαγαγών
1501 2076 1784 2148 κατόπιν
1812 2083 1933 2148 τοῦ
1959 2103 2151 2167 περι-

171 2180 419 2271 βόλου,
472 2186 590 2268 τῆς
641 2179 806 2268 πρὸς
857 2179 1058 2252 δύσιν
1110 2182 1380 2269 ἐξέδρας
1427 2176 1776 2270 ἄντικρυς,
1825 2171 2000 2271 ᾗπερ
2039 2183 2153 2251 καὶ

80 2312 139 2353 m
171 2282 345 2374 μόνη
374 2279 669 2353 δυνατὸν
691 2275 797 2374 ἦν,
827 2290 964 2355 τών
988 2281 1215 2354 ἄλλων
1233 2287 1459 2374 μεροῖν
1476 2289 1768 2372 βαθμοῖς
1793 2282 2156 2373 πόρρωθεν

174 2386 683 2475 διειλημμένων.

326 2489 441 2557 καὶ
466 2485 505 2558 ὃ
534 2488 659 2577 μὲν
689 2501 829 2568 τοῖς
854 2497 1506 2559 κατασκευασθεῖσιν
1526 2490 1596 2571 ἐξ
1619 2484 1927 2576 ἀσεβείας
1950 2485 2150 2579 ὀργά·
2187 2508 2225 2564 6

170 2617 319 2671 νοις
343 2591 698 2680 κρατήσειν
724 2586 962 2681 ἤλπισε
989 2595 1128 2661 τών
1156 2592 1445 2680 ἐχθρῶν,
1478 2586 1514 2660 ὁ
1542 2589 1617 2660 δὲ
1639 2587 1801 2673 θεὸς
1827 2587 2159 2680 ἄχρηστον

168 2691 354 2788 αὐτῷ
395 2691 513 2764 τὸν
565 2691 775 2765 πόνον
822 2689 1162 2780 ἀπέδειξε,
1216 2694 1380 2782 πρὶν
1429 2694 1786 2783 ἐπιστῆσαί
1827 2719 1977 2762 τινα
2018 2697 2158 2763 τών

77 2822 136 2864 2⁵
169 2795 453 2887 πύργων
471 2848 490 2884 ,
521 2792 879 2886 Ῥωμαίους
916 2793 1292 2883 ἐπαγαγών.
1358 2789 1395 2865 ὁ
1421 2793 1551 2886 γάρ
1580 2793 1667 2885 δὴ
1704 2802 1891 2877 Τίτος
1921 2793 2155 2886 ἐπειδὴ

164 2896 248 2969 τά
274 2899 415 2989 paz-v*
425 2898 765 2990 συνήγαγε
789 2903 905 2988 τῆς
932 2897 1283 2987 δυνάμεως
1308 2896 1474 2988 πρὸς
1507 2893 1748 2986 αὑτόν,
1774 2913 1911 2980 τοῖς
1940 2897 2016 2970 δὲ
2045 2899 2157 2970 ἐπὶ

155 2997 635 3093 Ἱεροσολύμων
660 3006 1004 3071 συναντᾶν
1040 3003 1421 3072 ἐπέστειλεν
1439 3053 1459 3088 ,
1496 2997 1816 3090 ἐξήλαυνε
1839 3006 1956 3090 τῆς
1981 3009 2153 3073 Και-

162 3112 457 3194 σαρείας.
511 3096 599 3195 ἦν
628 3104 702 3176 δὲ
740 3110 893 3191 τρία
937 3103 1063 3194 μὲν
1102 3101 1186 3173 τά
1222 3103 1549 3193 πρότερον
1588 3100 1798 3174 αὐτοῦ
1824 3110 1918 3197 τῷ
1953 3106 2156 3192 πατρὶ

159 3206 653 3297 συνδῃώσαντα
681 3204 804 3297 τὴν
821 3203 1159 3277 Ἰουδαίαν
1176 3206 1504 3297 τάγματα,
1533 3208 1648 3276 καὶ
1671 3204 1748 3277 τὸ
1789 3205 1994 3277 πάλαι
2024 3205 2156 3277 σῦν

78 3332 132 3373 ³⁰
166 3318 237 3381 Κ
236 3316 436 3403 εστίφ
463 3325 749 3381 πταῖσαν
776 3311 1159 3380 δωδέκατον
1174 3360 1194 3395 ,
1234 3336 1400 3397 οπερ
1434 3310 1550 3379 καὶ
1578 3306 1795 3391 αλλως
1831 3311 2156 3398 ἐπίσημον

162 3410 258 3485 δι’
307 3409 631 3502 ἀνδρείαν
662 3406 999 3501 ὑπάρχον,
1037 3410 1187 3481 τότε
1224 3410 1393 3482 κατὰ
1437 3410 1704 3500 μνήμην
1750 3438 1849 3481 ων
1893 3414 2153 3481 ἔπαθεν

164 3521 263 3599 εἰς
316 3512 584 3605 ἄμυναν
644 3511 753 3609 ᾔει
808 3515 1341 3605 προθυμότερον.
1422 3511 1681 3584 τούτων
1727 3512 1853 3602 μὲν
1902 3504 2028 3584 οὖν
2078 3509 2155 3582 τὸ
