2450 3875
351 154 429 217 78
524 220 537 230 ⁸
1018 153 1662 214 ΑΡΧΑΙΟΛΟΓΙΑΣ

353 335 597 417 βουλος
625 321 893 416 Ἡρώδῃ
932 327 1087 415 περὶ
1123 332 1260 396 τῶν
1291 324 1741 414 ἐνεστηκότων
1779 321 1962 419 αὐτῷ
1997 325 2356 414 δεηθέντι.

353 431 467 501 καὶ
494 426 721 500 αὐτῶν
745 426 1299 517 συνεδρευόντων
1330 434 1553 518 παρῆν
1581 424 2064 517 δἈντίπατρος
2079 479 2099 513 ,
2130 423 2356 496 οὐδε-

356 532 473 613 νὸς
499 529 681 624 αὐτῷ
709 530 1041 601 ἐκπύστου
1073 530 1450 620 γεγονότος·
1507 540 1740 601 εἴσεισι
1780 535 1822 600 δ
1827 532 1857 599 ὲ
1899 537 1994 610 εἰς
2028 527 2108 600 τὸ
2136 536 2356 619 βασί-

356 645 539 705 λειον
565 641 661 719 ἔτι
687 638 1115 721 πορφυρίδας
1141 631 1613 723 ἀμπεχόμενος.
1668 634 1784 702 καὶ
1819 629 2029 704 αὐτὸν
2064 631 2197 721 μὲν
2228 633 2354 700 δέ-

357 764 588 826 χονται
611 729 683 806 ὀί
705 738 814 806 ἐπὶ
840 735 1111 824 θύραις,
1139 733 1527 826 ἀνείργουσι
1561 735 1636 805 δὲ
1662 732 1819 817 τοὺς
1845 742 2108 825 φίλους.
2172 736 2352 803 ἐθο-
2389 760 2413 798 ε

356 847 627 928 ρυβεῖτο
663 838 739 908 δὲ
773 835 905 927 ἤδη
943 846 1176 928 σαφῶς
1215 834 1288 908 οἶ
1330 836 1647 927 ἐληλύθει
1685 844 2063 925 κατανοῶν,
2103 834 2353 924 ἐπειδὴ

354 945 469 1012 καὶ
496 939 532 1011 ὁ
562 940 775 1037 πατὴρ
806 938 1016 1011 αὐτὸν
1045 941 1408 1031 προσιόντα
1449 937 1539 1022 ῶς
1575 937 1938 1011 ἀσπάσαιτο
1965 937 2354 1022 ἀπεώσατο,

224 1100 231 1105 .
359 1042 889 1133 ἀδελφοκτονίαν
917 1070 989 1112 τε
1009 1046 1345 1113 ἐπικαλῶν
1370 1045 1482 1112 καὶ
1500 1039 1863 1131 βούλευσιν
1888 1040 2194 1131 ὀλέθρου
2221 1048 2355 1110 τοῦ

362 1144 464 1217 ἐπ’
511 1143 726 1239 αὐτῷ,
764 1145 1039 1216 πάντων
1074 1173 1145 1215 τε
1184 1143 1522 1235 ἀκροατὴν
1562 1147 1675 1215 καὶ
1710 1143 2032 1233 δικαστὴν
2058 1151 2362 1219 ἔσεσθαι,

353 1247 580 1338 ’δᾶρον
619 1255 699 1337 τῇ
738 1244 1001 1335 αὔριον.
1080 1249 1192 1317 καὶ
1232 1244 1291 1317 ὃ.
1322 1247 1446 1337 μὲν
1492 1247 1801 1317 τοιούτου
1838 1254 2050 1319 κακοῦ
2093 1243 2245 1334 ἅμα
2279 1273 2352 1315 τε
2385 1271 2425 1309 1·

361 1349 810 1439 ἀκροαθέντος
848 1350 963 1419 καὶ
1002 1350 1333 1440 παρόντος
1367 1357 1464 1442 τῶ
1507 1353 1782 1438 μεγέθει
1811 1349 2354 1440 περιφερόμενος

360 1451 603 1546 ᾤχετο,
642 1448 1115 1536 ὑπαντιάζουσι
1156 1449 1223 1522 δ’
1271 1450 1455 1546 αὐτῶ
1494 1448 1539 1541 ἦ
1578 1480 1652 1523 τε
1692 1452 1905 1543 μήτηρ
1946 1448 2121 1523 καῖ’
2085 1478 2130 1539 η
2159 1452 2382 1543 γυνή

364 1552 563 1643 (αὕτη
609 1544 767 1624 δὲ
725 1581 810 1643 ην
848 1550 891 1643 ἡ
929 1548 1294 1644 γενομένη’
1284 1551 1636 1648 Αντιγόνω
1669 1570 1823 1637 παῖς
1849 1562 1941 1648 τῶ
1970 1552 2099 1643 πρὸ
2117 1549 2351 1641 Ἡρώ-

344 1663 487 1728 δου
506 1654 852 1727 Ἰουδαίων
877 1657 1435 1746 βεβασιλευκότι),
1463 1654 1620 1741 παρ’
1656 1647 1755 1727 ῶν
1778 1657 1860 1727 τὰ
1885 1659 2101 1728 πάντα
2129 1659 2344 1745 ἐκμα-

358 1757 510 1832 θων
536 1763 612 1831 ἐν
636 1762 1086 1849 παρασκευαῖς
1111 1787 1234 1830 του
1262 1755 1518 1848 ἀγῶνος
1542 1749 1647 1848 ἦν.
2381 1780 2424 1823 1⁵:

294 1885 330 1950 3
498 1869 580 1953 τῇ
600 1859 668 1932 δ’
707 1864 854 1951 εξῆς
877 1862 1257 1951 συνήδρευε
1286 1863 1412 1952 μὲν
1443 1859 1664 1951 ’δᾶρός
1690 1890 1764 1933 τε
1791 1858 1962 1932 καὶ
1930 1890 1964 1932 ο
1993 1862 2345 1953 βασιλεύς,
2423 1864 2424 1885 ’

361 1967 849 2054 εἰσεκλήθησαν
881 1965 957 2035 δὲ
984 1967 1097 2036 καὶ
1126 1972 1199 2035 οἰ
1218 1962 1473 2055 ἀμφοῖν
1499 1973 1686 2054 φίλοι
1724 1968 1837 2036 καὶ
1881 1971 1952 2036 οί
1984 1981 2348 2055 συγγενεῖς

361 2070 705 2158 βασιλέως,
734 2068 1029 2158 Σαλώμη
1056 2094 1127 2137 τε
1152 2066 1195 2157 ἡ
1226 2066 1521 2156 ἀδελφή,
1552 2067 1692 2138 εἶτα
1718 2078 1788 2138 εἴ
1804 2091 1980 2149 τινες
2005 2068 2347 2158 μηνύσειν

363 2179 665 2259 ἔμελλον,
692 2171 806 2239 καὶ
833 2160 931 2239 ῶν
955 2170 1239 2260 βάσανοι
1263 2172 1642 2261 γεγόνασιν,
1681 2176 1923 2241 δοῦλοί
1941 2199 2012 2241 τε
2037 2179 2343 2265 μητρῷοι

352 2280 486 2343 τοῦ
531 2269 1003 2361 Ἀντιπάτρου,
1069 2280 1289 2366 μικρῷ
1340 2273 1671 2364 πρότερον
1719 2277 2248 2363 συνειλημμένοι
2303 2269 2346 2361 ἦ
2373 2297 2416 2336 2⁹

362 2379 627 2445 ἐκεῖνον
651 2369 862 2462 ἥκειν,
888 2374 1581 2466 ἐπιστολὴνφέροντες
1599 2367 1676 2464 ἧς
1702 2375 1776 2446 τὸ
1805 2378 2176 2464 κεφάλαιον
2203 2382 2346 2445 τῶν

364 2477 843 2566 γεγραμμένων
885 2466 971 2565 ἦν
1008 2475 1102 2566 μὴ
1141 2481 1521 2567 ἐπανιέναι,
1564 2475 1654 2560 ῶς
1694 2478 1966 2550 πάντων
2006 2486 2099 2572 τῷ
2135 2480 2342 2568 πατρὶ

357 2576 667 2674 ἡκόντων
694 2585 789 2660 είς
816 2579 1062 2650 πύστιν
1077 2632 1098 2668 ,
1138 2581 1355 2670 μόνην
1379 2608 1453 2651 τε
1477 2577 1564 2651 ἀν
1589 2579 1987 2671 καταφυγὴν
2011 2577 2199 2674 αὐτῷ
2237 2591 2341 2651 λι-

362 2685 613 2753 πέσθαι
639 2689 980 2772 Καίσαρα,
1008 2685 1121 2753 καὶ
1146 2682 1279 2753 σὺν
1303 2681 1476 2775 αὐτῇ
1500 2682 1574 2754 τὸ
1602 2682 1691 2773 μὴ
1718 2689 1812 2777 τῷ
1837 2684 2037 2773 πατρὶ
2061 2680 2338 2773 ὑποχεί-

365 2813 517 2875 ριον
538 2785 877 2874 γενέσθαι.
921 2780 1361 2876 Ἀντιπάτρου
1390 2783 1466 2857 δὲ
1490 2786 1983 2874 προσπεσόντος
2013 2793 2108 2879 τῶ
2135 2788 2342 2873 πατρὶ
2370 2810 2411 2848 2⁶

364 2888 530 2979 πρὸς
553 2886 636 2959 τὰ
663 2884 946 2978 γόνατα,
984 2890 1097 2958 καὶ
1126 2889 1537 2970 ἱκετεύοντος
1577 2886 1668 2977 μὴ
1703 2891 2339 2978 προδιεγνωσμένην

365 2997 768 3081 καταστῆσαι
805 2995 1038 3079 δίκην,
1079 2986 1229 3061 ἀλλ’
1287 2988 1666 3079 ἀκροάσεως
1705 2988 1921 3061 αὐτοῦ
1976 2994 2339 3080 γενομένης

367 3092 547 3177 παρὰ
584 3100 678 3184 τῷ
720 3093 922 3181 πατρὶ
947 3089 1238 3186 ἀκεραίῳ
1265 3095 1494 3182 μένειν
1521 3095 1906 3188 δυναμένῳ,
1955 3100 2197 3164 τοῦτον
2225 3121 2338 3164 κε·-

368 3192 610 3272 λεύσας
625 3190 924 3284 Ἡρώδης
936 3192 1220 3284 ἀπάγειν
1237 3202 1331 3278 εἰς
1355 3199 1582 3284 μέσον,
1597 3193 1799 3278 αὐτὸς
1825 3194 2036 3267 αὑτὸν
2061 3192 2337 3285 ῶλοφύ-

372 3318 531 3378 ρατο
558 3299 694 3360 τῶν
724 3301 986 3365 παίδων
1010 3304 1127 3386 τῆς
1153 3298 1500 3388 ποιήσεως,
1532 3296 1620 3389 ἣν
1645 3301 1755 3370 ἐπὶ
1782 3296 2119 3380 τοιαύταις
2155 3296 2335 3391 αὐτῷ
2363 3317 2405 3356 ³⁰

368 3392 595 3477 τύχαις
621 3396 988 3481 γενομένην
1020 3400 1350 3489 πρότερον
1374 3405 1449 3471 ἐκ
1468 3410 1584 3490 τῆς
1610 3407 2008 3492 δυσμενείας
2032 3399 2334 3472 ἀποσπά-

368 3500 619 3559 σασθαι
641 3494 779 3557 τῶν
803 3493 1130 3583 πρότερον
1154 3504 1269 3572 καὶ
1295 3510 1390 3584 εἰς
1406 3500 1841 3596 Ἀντίπατρον
1869 3501 2334 3594 ἐμβαλετνμῦτ

767 3809 843 3839 „u
