2450 3875
204 104 285 166 40
623 103 790 166 ΤΟΥ
819 100 1322 166 'IOYAAIKOY
1378 100 1816 165 ΠΟΛΕΜΟΥ

209 290 335 334 νον
367 266 441 332 έκ
468 271 585 352 τῆς
620 262 824 353 ἀρχῆς
859 261 944 333 ὃν
981 260 1178 332 αὐτοὶ
1225 265 1655 350 κατέστησαν.
1718 261 1855 351 ἅμα
1897 264 1973 331 δὲ
2013 267 2224 331 ταῦτα

211 366 428 449 λέγων
464 359 558 431 δι’
594 362 842 432 ἑαυτοῦ
871 366 1237 433 καθίστατο
1273 361 1400 447 τὴν
1436 361 1682 449 χώραν,
1729 357 1914 449 ὁρών
1938 359 2228 446 τὸνῪρ-

214 460 427 532 κανόν
461 468 658 547 νωθῆ
700 487 773 529 τε
807 462 919 529 καὶ
954 465 1292 549 βασιλείας
1338 457 1777 546 ἀτονώτερον.
1867 458 2232 545 Φασάηλον

216 562 340 646 μὲν
363 558 469 648 δή,
500 568 637 628 τῶν
666 564 927 628 παίδων
950 556 1070 627 τὸν
1097 557 1582 647 πρεσβύτατον,
1615 555 2100 646 Ἱεροσολύμων
2121 559 2237 625 καὶ

219 665 356 727 τών
408 661 596 747 πέριξ
646 655 1025 747 στρατηγὸν
1072 664 1466 744 καθίστησι,
1511 656 1633 726 τὸν
1689 656 1764 726 δὲ
1819 654 1963 745 μετ’
2018 653 2236 724 αὐτὸν
2270 681 2299 722 ε

210 757 522 844 Ἡρώδην
560 759 668 827 ἐπὶ
704 771 843 839 τοῖς
880 767 1052 838 ἴσοις
1090 763 1386 826 ἔστειλεν
1429 763 1524 839 εἰς
1567 757 1692 846 τὴν
1717 763 2084 827 Γαλιλαίαν
2116 781 2243 825 κο-
2364 826 2377 838 ,

156 873 189 923 5
221 861 382 947 μιδῇ
421 860 599 925 νέον.
652 854 694 925 ὃ
729 861 804 926 δὲ
839 853 939 926 ών
967 857 1173 945 φύσει
1204 858 1606 945 δραστήριος
1628 855 1804 944 ὕλην
1832 855 2090 937 εὐθέως
2121 853 2244 925 εὖ-

223 961 437 1042 ρίσκει
467 962 562 1047 τῷ
589 956 1003 1044 φρονήματι,
1050 960 1161 1028 καὶ
1183 953 1580 1045 καταλαβών
1596 954 1882 1037 Ἑζεκίαν
1904 953 2026 1024 τὸν
2049 951 2247 1040 άρχι-

223 1050 477 1142 λῃστὴν
532 1051 616 1124 τὰ
665 1061 959 1142 προσεχῆ
1006 1061 1085 1145 τῇ
1120 1060 1345 1143 Συρία
1389 1057 1876 1140 κατατρέχοντα
1920 1051 2085 1141 μετὰ
2120 1077 2247 1139 με-

224 1158 459 1238 γίστου
475 1157 790 1239 στίφους,
825 1150 1039 1221 αὐτόν
1059 1177 1131 1220 τε
1155 1151 1514 1240 συλλαβών
1539 1149 1916 1220 ἀποκτείνει
1941 1152 2052 1219 καὶ
2072 1157 2246 1218 πολ.-
2281 1169 2329 1210 1⁰

225 1249 390 1332 λούς
418 1257 556 1319 τών
578 1257 862 1340 λῃστῶν.
911 1249 951 1320 ὃ
977 1254 1059 1339 δὴ
1084 1252 1374 1338 μάλιστα
1392 1266 1531 1332 τοῖς
1550 1251 1807 1334 Σύροις
1832 1249 2249 1335 κατώρθωκε

226 1352 727 1437 κεχαρισμένον·
755 1347 1029 1438 ὑμνεῖτο
1045 1356 1215 1435 γοῦν
1229 1347 1360 1417 άνά
1375 1376 1446 1417 τε
1474 1349 1591 1430 τὰς
1616 1349 1842 1436 κώμας
1870 1350 1981 1417 καὶ
2006 1351 2082 1416 έν
2102 1360 2251 1428 ταῖς

228 1450 509 1518 πόλεσιν
532 1446 834 1537 Ἡρώδης
873 1446 963 1530 ὥς
1003 1454 1095 1529 εἰς
1134 1448 1410 1536 εἰρήνην
1450 1447 1679 1529 αὐτοῖς
1721 1446 1958 1536 παρών
1984 1450 2096 1516 καὶ
2130 1447 2252 1528 τὰς

231 1546 498 1635 κτήσεις
536 1544 1000 1627 ἀνασεσωκώς.
1099 1553 1356 1633 γίνεται
1392 1544 1458 1614 δ’
1504 1549 1578 1615 ἐκ
1611 1545 1859 1615 τούτου
1882 1548 1994 1614 καὶ
2019 1547 2253 1637 Σέξτῳ

231 1654 522 1736 Καίσαρι
562 1649 933 1738 γνώριμος,
977 1648 1126 1716 ὄντι
1166 1661 1487 1734 συγγενεῖ
1515 1654 1642 1716 τοῦ
1664 1643 1960 1736 μεγάλου
1985 1653 2251 1722 Καίσα-
2287 1665 2335 1711 ιι

233 1772 351 1835 ρος
391 1748 502 1815 καὶ
539 1751 914 1818 διοικοῦντι
946 1745 1071 1833 τὴν
1098 1754 1385 1834 Συρίαν.
1469 1745 1638 1832 πρὸς
1675 1747 1749 1815 δὲ
1782 1746 1904 1814 τὸν
1945 1741 2253 1832 ἀδελφὸν

233 1821 730 1931 εὐδοκιμοῦντα
767 1846 878 1913 καὶ
921 1845 1276 1931 Φασάηλος
1315 1846 1761 1931 ἐφιλοτιμεῖτο
1813 1841 1938 1930 τὴν
1978 1840 2255 1930 ἀγαθὴν

234 1949 404 2034 ἔριν,
428 1944 589 2025 τούς
611 1946 689 2013 ἐν
724 1957 863 2025 τοῖς
887 1942 1379 2031 Ἱεροσολύμοις
1405 1941 1895 2032 εὐνουστέρους
1923 1942 2256 2012 καθιστά-

235 2068 458 2130 μενος,
480 2046 593 2111 καὶ
617 2039 711 2111 δι’
735 2040 951 2111 αὑτοῦ
978 2044 1102 2129 μὲν
1128 2047 1299 2129 ἔχων
1327 2039 1450 2128 τὴν
1475 2042 1699 2129 πόλιν,
1722 2041 1935 2130 μηδὲν
1962 2039 2029 2110 δ’
2057 2038 2259 2109 ἄπει-

238 2141 543 2235 ροκάλως
570 2146 664 2222 εἰς
686 2140 812 2227 τὴν
839 2145 1149 2223 ἐξουσίαν
1180 2143 1564 2230 ἐξυβρίζων.
2289 2162 2337 2199 ν’)

410 2243 619 2307 ἔνθεν
651 2234 1059 2331 Ἀντιπάτρω
1099 2245 1433 2328 θεραπεία
1469 2265 1540 2307 τε
1583 2231 1673 2325 ἦν
1719 2240 1794 2306 ἐκ
1831 2264 1955 2306 του
2005 2192 2261 2318 ἔθνους

243 2334 558 2425 βασιλικὴ
585 2338 696 2405 καὶ
720 2339 903 2425 τιμαὶ
931 2337 1110 2459 παρὰ
1139 2338 1415 2406 πάντων
1439 2363 1530 2418 ως
1554 2336 1846 2458 δεσπότῃ
1875 2343 2014 2405 τών
2038 2334 2258 2406 ολων·

244 2434 330 2505 οὐ
368 2437 503 2524 μὴν
537 2432 743 2516 αὐτὸς
775 2444 890 2524 τῆς
927 2437 1097 2523 πρὸς
1131 2434 1458 2524 Ὑρκανὸν
1493 2434 1760 2517 εὐνοίας
1791 2432 1834 2522 ἦ
1875 2436 2162 2516 πίστεώς
2198 2460 2261 2504 τι

177 2550 212 2606 6
242 2540 692 2623 μετεκίνησεν.
743 2533 1088 2623 ἀμήχανον
1133 2531 1197 2604 δ’
1243 2537 1320 2602 ἐν
1358 2533 1752 2622 εὐπραγίαις
1795 2534 2072 2620 φθόνον
2108 2538 2261 2601 δια-

245 2648 514 2722 φυγεῖν.
569 2633 887 2722 Ὑρκανὸς
920 2641 1094 2722 γοῦν
1127 2630 1257 2722 ἤδη
1297 2636 1421 2723 μὲν
1449 2637 1561 2703 καὶ
1587 2631 1748 2703 καθ’
1777 2630 2021 2702 ἑαυτὸν
2045 2630 2262 2721 ἡσυχῇ
2290 2662 2337 2705 ²³

247 2731 417 2821 πρὸς
440 2732 515 2801 τὸ
542 2735 731 2813 κλέος
755 2741 893 2802 τών
916 2739 1292 2801 νεανίσκων
1319 2732 1669 2820 ἐδάκνετο,
1693 2733 1980 2819 μάλιστα
2002 2729 2067 2801 δ’
2103 2730 2261 2799 ἐλύ-

250 2858 361 2902 πει
392 2832 472 2901 vd
502 2828 810 2920 Ἡρώδου
852 2835 1344 2922 κατορθώματα
1366 2860 1380 2874 ·
1432 2833 1544 2900 καὶ
1578 2832 1870 2919 κήρυκες
1904 2832 2263 2918 ἐπάλληλοι

250 2938 368 3018 τῆς
390 2927 542 2999 καθ’
566 2931 850 2999 ἕκαστον
866 2929 1171 3012 εὐδοξίας
1197 2935 1742 3020 προστρέχοντες,
1772 2931 2007 2999 πολλοὶ
2031 2930 2105 2999 δὲ
2128 2936 2264 2997 τών
2449 3012 2450 3017 ¹

255 3031 331 3097 ἐν
349 3041 486 3107 τοῖς
514 3035 877 3116 βασιλείοις
902 3029 1265 3118 βασκάνων
1294 3026 1635 3116 ἠρέθιζον,
1658 3024 1758 3109 οἶς
1784 3025 1919 3115 ἢτὸ
1949 3036 2088 3096 τών
2109 3032 2263 3096 παύ-
2448 3022 2450 3112 ἢ

257 3130 401 3210 δων
429 3122 571 3212 ἢτὸ
590 3124 1031 3213 Ἀντιπάτρου
1051 3125 1485 3213 σωφρονικὸν
1510 3136 1937 3217 προσίστατο,
1955 3128 2263 3212 λέγοντες
2289 3148 2339 3191 ω
2448 3114 2450 3165 ³

259 3220 349 3313 ὡς
379 3220 786 3316 Ἀντιπάτρῳ
827 3227 939 3294 καὶ
972 3239 1109 3308 τοῖς
1145 3231 1320 3308 υἱοῖς
1355 3225 1569 3296 αὐτοῦ
1608 3225 2092 3313 παραχωρήσας
2125 3229 2264 3291 ‘⁰3¹'

260 3321 669 3405 πραγμάτων
716 3329 1063 3407 καθέζοιτο
1106 3324 1407 3415 τοῦνομα
1456 3330 1674 3416 μόνον
1714 3327 2041 3414 βασιλέως
2090 3326 2260 3410 ἔχων
