2450 3875
756 163 1049 224 ΑΟΓΟΣ
1080 162 1518 223 ΠΕΜΠΤΟΣ
2045 159 2125 221 53

118 332 462 425 Ῥωμαίων
499 327 814 425 φρουρὰν
858 335 1126 427 νύκτωρ
1185 334 1628 424 ἐξερπύσασιν
1667 336 1779 405 ἐπὶ
1818 335 2126 424 λαχάνων

128 436 472 527 συλλογὴν
503 434 761 528 ἀγρίων
803 439 915 507 καὶ
943 437 1111 519 πόας
1143 434 1607 530 ὑπαντῶντες,
1649 434 1761 538 ὅτε
1802 434 1932 528 ἤδη
1975 444 2125 510 δια-

130 542 547 631 πεφευγέναι
596 538 757 622 τοὺς
810 547 1174 629 πολεμίους
1223 541 1544 630 ἐδόκουν,
1602 538 1997 629 ἀφήρπαζον
2046 540 2127 611 τὰ

130 645 573 734 κομισθέντα·
621 647 736 714 καὶ
763 644 1081 725 πολλάκις
1124 643 1566 714 ἱκετευόντων
1594 646 1709 713 καὶ
1735 643 1808 714 τὸ
1839 643 2127 734 φρικτὸν

86 771 110 810 ⁵
133 743 757 834 ἐπικαλουμένων”
719 773 931 836 ονομα
971 753 1092 817 τοῦ
1122 753 1330 833 θεοῦ,
1384 752 1799 835 μεταδοῦναί
1821 777 1885 817 τι
1928 750 2126 846 μέρος

130 847 363 931 αὐτοῖς
388 840 489 919 ῶν
514 846 1149 930 κινδυνεύσαντες”
1106 877 1435 939 ηνεγκαν,
1482 846 1638 920 οὐδ’
1673 846 1908 920 ὁτιοῦν
1933 854 2127 940 μετέ-

130 959 383 1024 δοσαν·
415 949 792 1042 ἀγαπητὸν
832 949 900 1023 δ’
934 941 1023 1042 ἦν
1048 949 1123 1022 τὸ
1149 949 1242 1042 μὴ
1282 953 1396 1022 καὶ
1435 956 1985 1044 προσαπολέσθαι
2012 977 2128 1025 σε-

130 1056 532 1144 συλημένον.
2073 1089 2084 1100 ·

291 1164 365 1228 οἰ
405 1159 531 1247 μὲν
568 1157 652 1248 δὴ
697 1157 1154 1251 ταπεινότεροι
1203 1165 1480 1230 τοιαῦτα
1522 1159 1689 1258 πρὸς
1726 1168 1863 1230 τῶν
1916 1149 2127 1249 δορυζ
2153 1174 2188 1227 4

58 1296 99 1335 ιο
133 1261 373 1349 φόρων
421 1268 742 1350 ἔπασχον,
792 1267 863 1330 οἰ
897 1260 973 1330 δὲ
1014 1265 1090 1332 ἐν
1136 1258 1454 1352 άξιοίματι
1494 1265 1610 1333 καὶ
1645 1265 1914 1358 πλούτῳ
1957 1261 2138 1353 πρὸς·

131 1362 293 1446 τοὺς
335 1363 711 1452 τυράννους
755 1360 1107 1453 ἀνήγοντο.
1185 1366 1448 1437 τούτων
1488 1375 1561 1438 οἳ
1596 1366 1722 1457 μὲν
1764 1364 2126 1457 ἐπιβουλὰς

128 1472 410 1548 ψευδεῖς
453 1466 933 1556 ἐγκαλούμενοι
977 1474 1489 1558 διεφθείροντο,
1539 1476 1609 1539 οἳ
1642 1470 1717 1541 δὲ
1754 1467 1845 1552 ῶς
1881 1476 2125 1560 προδι-

131 1575 321 1641 δοτεν
340 1566 678 1659 Ῥωμαίοις
705 1568 830 1658 τὴν
856 1569 1074 1642 πόλιν.
1135 1569 1209 1640 τὸ
1241 1572 1317 1641 δὲ
1344 1572 1763 1660 ἑτοιμότατον
1793 1565 1878 1662 ἦν
1903 1601 2126 1663 μηνυ·

130 1673 250 1762 τής
288 1701 389 1754 τις
427 1668 806 1763 ὑποβλητὸς
845 1669 935 1755 ῶς
975 1670 1373 1763 αὐτομολεῖν
1413 1675 1899 1762 διεγνωκότων.
1971 1672 2009 1745 ὁ
2048 1677 2125 1746 δὲ

56 1801 101 1841 ιε
134 1771 275 1847 ὑπὸ
304 1782 627 1864 Σίμωνος
676 1778 1067 1865 γυμνωθεὶς
1118 1774 1284 1864 πρὸς
1319 1774 1637 1865 Ἰωάννην
1686 1774 2122 1867 ἀνεπέμπετο,

133 1880 250 1951 καὶ
277 1885 417 1949 τῶν
445 1875 580 1949 ὑπὸ
601 1876 921 1950 Ἰωάννου
947 1880 1423 1968 σεσυλημένων
1454 1874 1491 1948 ὁ
1520 1886 1760 1969 Σίμων
1797 1879 2124 1970 μετελάμ-

132 1990 376 2070 βανεν·
430 1980 961 2072 άντιπρούπινον
998 1979 1068 2052 δ’
1101 1978 1412 2071 ἀλλήλοις
1448 1981 1523 2053 τὸ
1551 1979 1711 2072 αἷμα
1739 1991 1877 2054 τῶν
1912 1989 2124 2072 δημο-

132 2092 304 2173 τῶν,
366 2088 480 2155 καὶ
514 2084 597 2154 τὰ
635 2086 949 2175 πτώματα
983 2092 1122 2155 τῶν
1165 2082 1431 2154 άθλίων
1466 2090 1933 2176 διεμερίζοντο.
2011 2088 2127 2156 καὶ

134 2196 258 2259 τοῦ
285 2188 413 2278 μὲν
438 2204 710 2275 κρατεῖν
736 2189 961 2270 στάσις
986 2179 1073 2278 ἦν
1098 2191 1174 2259 ἐν
1203 2185 1607 2277 ἀμφοτέροις
1625 2241 1644 2276 ,
1685 2196 1822 2259 τῶν
1851 2184 1925 2260 δὲΙ
1967 2186 2125 2260 άσε·

51 2315 102 2355 π
133 2291 456 2381 βημάτων
497 2287 806 2378 ὁμόνοια·
860 2290 1129 2381 καὶγὰρ
1158 2286 1194 2361 ὁ
1221 2290 1314 2381 μὴ
1341 2291 1671 2381 μεταδοὺς
1713 2295 1788 2362 ἐκ
1826 2299 1964 2362 τῶν
2004 2290 2127 2362 ἆλ-

132 2401 425 2482 λοτρίων
471 2400 700 2463 κακῶν
751 2397 1019 2489 θατέρῳ
1064 2394 1497 2484 μονοτρόπως
1551 2395 1771 2466 ἐδόκει
1812 2395 2125 2485 πονηρός,

132 2499 247 2566 καὶ
274 2493 311 2566 ὁ
339 2495 433 2586 μὴ
458 2495 852 2586 μεταλαβὼν
881 2492 970 2578 ὥς
1007 2494 1277 2586 άγαθοῦ
1295 2495 1476 2578 τινὸς
1515 2495 1704 2587 ἤλγει
1744 2496 1864 2567 τὸν
1883 2520 2126 2587 νοσφι-

132 2598 308 2691 σμὸν
338 2607 454 2689 τῆς
482 2597 836 2688 ὠμότητος.

289 2699 454 2773 καθ’
499 2706 778 2773 ἕκαστον
821 2701 947 2791 μὲν
990 2692 1119 2771 οὖν
1162 2703 1490 2784 ἐπεξιέναι
1531 2701 1656 2792 τὴν
1701 2709 2125 2791 παρανομίαν
2152 2721 2187 2773 5

48 2838 101 2880 π
136 2803 368 2876 αὐτῶν
394 2803 767 2892 ἀδύνατον,
796 2804 1166 2874 συνελόντα
1193 2801 1261 2873 δ’
1297 2808 1543 2894 εἴπεῑν,
1586 2805 1752 2894 μήτε
1777 2805 1975 2875 πόλιν
2003 2802 2126 2874 ἅλ-

131 2918 260 2998 λην
306 2915 581 2980 τοιαῦτα
618 2909 1038 2977 πεπονθέναι
1072 2907 1243 2997 μήτε
1270 2906 1514 2996 γενεὰν
1548 2911 1612 2991 ἐξ
1655 2915 1898 2991 αἰῶνος
1923 2916 2126 2998 γεγοέ

127 3016 322 3081 νέναι
374 3018 610 3091 κακίας
666 3013 1158 3100 γονιμωτέραν,
1213 3015 1287 3080 οἵ
1333 3038 1410 3099 γε
1462 3019 1847 3081 τελευταῖον
1892 3013 2005 3081 καὶ
2049 3011 2123 3082 τὸ

128 3116 327 3204 γένος
366 3113 729 3201 ἐφαύλιζον
769 3120 907 3182 τῶν
933 3109 1296 3203 Ἑβραίων,
1339 3109 1429 3195 ῶς
1467 3104 1669 3203 ἦττον
1708 3111 1972 3203 ἀσεβεῖς
2003 3120 2122 3184 δο-

129 3231 319 3287 κοῖεν
364 3215 530 3308 πρὸς
556 3213 981 3306 ἀλλοτρίους,
1024 3215 1605 3305 ἐξωμολογήσαντο
1641 3213 1710 3287 δ’
1742 3213 1909 3306 ὅπερ
1952 3207 2124 3305 ἦσαν

48 3352 96 3393 κ
130 3319 305 3391 εἶναι
332 3324 570 3390 δοῦλοι
598 3321 712 3388 καὶ
732 3318 1106 3407 σύγκλυδες
1131 3320 1246 3389 καὶ
1275 3320 1452 3390 νόθα
1479 3326 1600 3389 τοῦ
1627 3326 1874 3400 ἔθνους
1891 3318 2123 3408 φθάρ-

127 3451 324 3512 ματα.
390 3419 519 3511 τὴν
560 3422 688 3510 μέν
728 3449 805 3511 γε
823 3421 1042 3491 πόλιν
1081 3419 1459 3509 ἀνέτρεψαν
1499 3419 1725 3509 αὐτοί,
1759 3418 2124 3510 Ρωμαίους

128 3524 280 3597 δὲ”
238 3552 531 3607 ακοντας
554 3521 942 3625 ἠνάγκασαν
976 3527 1432 3617 ἐπιγραφῆναι
1458 3530 1848 3619 σκυθρωπῷ
1877 3551 2119 3615 κατορ-
