2450 3875
324 183 405 244 54
757 183 924 244 Tor
961 157 1440 243 ιΟΥΔΑιΚΟω
1475 181 1914 244 ΠΟΛΕΜΟΥ

324 350 498 432 γοῦν
528 341 844 434 βασιλεὺς
879 340 1111 412 αὐτῶν
1155 341 1463 429 Μάλιχος
1502 348 1897 431 προπέμψας
1935 344 2103 413 κατὰ
2138 344 2326 431 τάχος

324 447 401 512 έκ
442 444 803 532 τῆςχώρας
830 443 1286 529 προσέτασσεν
1319 438 1799 529 ἀναστρέφειν,
1840 443 2180 529 προφάσει
2204 442 2324 529 μὲν

325 539 664 630 χρώμενος
694 542 1003 629 Πάρθοις
1041 539 1735 631 (ἐπικηρυκεύσασθαι
1763 541 1892 630 γὰρ
1928 540 2178 623 αὐτοὺς
2214 543 2322 610 έκ-

323 648 556 729 βαλεῖν
574 637 887 728 Ἡρώδην
912 646 1030 726 τῆς
1051 635 1413 728 Ἀραβίας),
1452 645 1544 729 τῷ
1578 640 1653 708 δὲ
1682 636 1832 709 ὄντι
1873 640 2323 728 προαιρούμε-

321 767 441 822 νος
466 754 819 827 κατασχεῖν
849 737 931 810 τὰ
955 738 1397 826 Ἀντιπάτρου
1428 740 1622 826 χρέα,
1676 741 1792 808 καὶ
1840 741 2053 828 μηδὲν
2083 745 2175 821 εἰς
2212 738 2322 820 τὰς
2350 760 2375 801 ⁵

324 843 591 912 ἐκείνου
645 838 902 924 δωρεὰς
952 835 1473 924 ἀντιπαρασχεῖν
1517 837 1832 928 χρῄζουσι
1887 851 2028 919 τοῖς
2074 841 2327 917 τέκνοις

321 944 806 1009 δυσωπεῖσθαι.
864 937 1280 1027 συμβούλοις
1305 933 1370 1004 δ’
1408 938 1644 1023 ἐχρῆτο
1672 943 1789 1023 τῆς
1811 934 2150 1017 ἀναιδείας
2195 948 2324 1016 τοῖς

322 1037 570 1127 ὁμοίως
626 1035 1023 1124 ἀποστερεῖν
1092 1034 1211 1117 τάς
1266 1032 1707 1123 Ἀντιπάτρου
1763 1034 2326 1123 παρακαταθήκας

323 1139 683 1208 ἐθέλουσιν
702 1165 717 1179 ·
773 1128 948 1224 ἦσαν
987 1134 1066 1204 δὲ
1094 1135 1248 1221 περὶ
1276 1132 1489 1203 αὐτὸν
1516 1138 1589 1204 οἰ
1606 1134 2087 1204 δυνατώτατοι.

257 1255 292 1307 2
480 1234 782 1323 Ἡρώδης
809 1236 934 1321 μὲν
962 1233 1047 1320 δὴ
1076 1241 1439 1322 πολεμίους
1466 1231 1930 1323 τοὺςἈραβας
1975 1232 2203 1319 εὑρών
2227 1229 2316 1302 δι’
2356 1255 2399 1297 ιο

320 1332 367 1404 ἃ
396 1334 759 1422 φιλτάτους
796 1333 1036 1423 ἤλπισε
1051 1386 1073 1422 ,
1112 1337 1225 1404 καὶ
1269 1349 1408 1415 τοῖς
1450 1332 1757 1421 ἀγγέλοις
1797 1334 2327 1423 ἀποκρινάμενος

322 1431 413 1515 ὥς
469 1431 857 1521 ὑπηγόρευε
907 1431 985 1501 τὸ
1030 1432 1283 1522 πάθος,
1328 1429 1753 1521 ὑπέστρεφεν
1797 1431 1903 1503 ἐπ’
1953 1434 2325 1521 Αἰγύπτου.

320 1534 432 1601 καὶ
478 1531 605 1619 τὴν
646 1533 770 1619 μὲν
814 1529 1090 1618 πρώτην
1137 1532 1424 1618 ἑσπέραν
1465 1532 1634 1601 κατά
1670 1559 1736 1602 τι
1774 1539 1913 1602 τών
1957 1536 2327 1622 ἐπιχωρίων

319 1636 525 1719 ίερών
548 1628 901 1717 αὐλίζεται,
944 1628 1105 1710 τούς
1147 1626 1689 1718 ἀπολειφθέντας
1728 1629 2117 1721 ἀναλαβών·
2150 1641 2237 1724 τῇ
2262 1631 2324 1702 δ’

322 1732 467 1818 ἑξῆς
497 1735 591 1811 είς
621 1727 1187 1817 Ῥινοκούρουραν
1216 1730 1672 1819 προσελθόντι
1710 1731 1793 1801 τὰ
1835 1735 1989 1821 περὶ
2040 1732 2171 1820 τὴν
2207 1730 2323 1802 τά-
2359 1752 2401 1794 1⁵

320 1834 582 1917 δελφοῦ
602 1827 923 1916 τελευτὴν
944 1825 1449 1916 ἀπαγγέλλεται.
1494 1829 1903 1920 προσλαβών
1928 1833 2005 1900 δὲ
2027 1834 2329 1912 πένθους

319 1926 488 2000 ὅσον
525 1922 635 2018 ἦν,
666 1925 757 2012 ὥς
779 1926 1167 2018 ἀπεθήκατο
1198 1934 1584 2019 φροντίδας,
1613 1926 1719 2021 ᾔει
1744 1932 2172 2019 προσωτέρω.
2222 1934 2332 2002 καὶ

319 2029 405 2119 δὴ
457 2034 757 2119 βραδέως
803 2026 841 2096 ὁ
876 2025 1099 2116 ’Ἀραψ
1154 2031 1570 2118 μετανοήσας
1627 2035 1880 2118 ἔπεμψε
1928 2030 2043 2100 διά
2083 2032 2332 2121 τάχους

317 2128 479 2210 τοὺς
518 2128 1053 2210 ἀνακαλέσοντας
1101 2131 1225 2199 τὸν
1289 2128 1722 2220 ὑβρισμένον.
1794 2134 2058 2218 ἔφθανε
2101 2135 2182 2201 δὲ
2221 2133 2332 2201 καὶ

317 2228 604 2308 τούτους
623 2224 927 2315 Ἡρώδης
957 2232 1050 2309 εἰς
1073 2228 1470 2315 Πηλούσιον
1512 2226 1961 2318 ἀφικόμενος,
1997 2234 2175 2302 ἔνθα
2212 2235 2328 2317 τῆς
2357 2250 2406 2292 ²·

317 2324 625 2412 παρόδου
647 2324 739 2414 μὴ
768 2323 1123 2412 τυγχάνων
1153 2325 1289 2396 ὑπὸ
1312 2335 1452 2397 τών
1473 2327 1964 2415 ἐφορμούντων
1992 2342 2135 2410 τοῖς
2169 2325 2331 2416 ἡγε-

315 2424 521 2512 μόσιν
550 2427 963 2513 ἐντυγχάνει.
1028 2422 1331 2496 κάκεῖνοι
1360 2425 1485 2515 τήν
1518 2453 1591 2496 τε
1620 2426 1853 2515 φήμην
1881 2430 1993 2497 καὶ
2020 2426 2096 2498 τὸ
2128 2426 2329 2511 ἀξίω-

315 2550 408 2612 μα
456 2521 742 2613 τάνδρὸς
778 2527 1204 2606 αἰδεσθέντες
1244 2527 1760 2614 προπέμπουσιν
1788 2523 2002 2596 αύτόν
2029 2532 2126 2608 εἰς
2148 2527 2330 2596 Ἀλε-

315 2622 698 2710 ξάνδρειαν.
758 2618 801 2695 ὂ
837 2624 912 2690 δὲ
954 2621 1322 2707 παρελθών
1376 2628 1471 2704 εἰς
1508 2620 1634 2710 τὴν
1674 2624 1874 2693 πόλιν
1917 2625 2162 2713 ἐδέχθη
2206 2625 2329 2713 μὲν

313 2728 634 2809 λαμπρώς
659 2718 796 2791 ὑπὸ
826 2720 1280 2808 Κλεοπάτρας,
1310 2722 1688 2810 ,στρατηγὸν
1728 2722 2121 2812 ελπιζούσης
2150 2726 2326 2806 ἕξειν
2353 2745 2404 2787 25

315 2826 408 2902 εἰς
465 2819 510 2888 ἃ
565 2820 1121 2906 παρεσκευάζετο·
1188 2821 1766 2909 διακρουσάμενος
1811 2821 1887 2889 δὲ
1941 2819 2061 2902 τὰς
2106 2847 2325 2908 παρα-

312 2920 581 3006 κλήσεις
605 2925 724 3005 τῆς
751 2922 1128 3007 βασιλίδος,
1170 2919 1283 2987 καὶ
1310 2918 1474 3007 μήτε
1502 2920 1628 3006 τὴν
1664 2916 1917 3006 ἀκμὴν
1917 2925 2041 2988 τοῦ
2077 2925 2320 3007 χειμώ-

310 3044 429 3098 νος
463 3015 828 3098 ὑποδείσας
869 3019 1032 3105 μήτε
1073 3018 1237 3098 τούς
1277 3017 1445 3086 κατὰ
1484 3044 1615 3104 την
1643 3015 1922 3086 Ἰταλίαν
1946 3017 2326 3107 θορύβους,

248 3136 284 3191 3
310 3118 419 3185 ἐπὶ
440 3112 690 3204 Ρωμης
712 3120 920 3184 ἔπλει.
985 3118 1437 3198 κινδυνεύσας
1456 3117 1531 3185 δὲ
1560 3118 1715 3204 περὶ
1740 3118 1866 3204 τὴν
1884 3124 2327 3205 Παμφυλίαν,

312 3214 424 3283 καὶ
465 3220 591 3282 τοῦ
630 3212 892 3302 φόρτου
932 3215 1007 3282 τό
1051 3223 1286 3284 πλεῖον
1326 3214 1666 3305 ἐκβαλών,
1704 3217 1898 3303 μόλις
1949 3222 2044 3298 εἰς
2084 3210 2324 3284 Ῥόδον
2356 3234 2407 3277 ³⁰

310 3313 731 3401 διασώζεται,
776 3314 1043 3402 σφόδρα
1081 3322 1175 3407 τῷ
1215 3313 1386 3402 πρὸς
1425 3315 1727 3385 Κάσσιον
1770 3317 2038 3407 πολέμῳ
2076 3340 2327 3401 τετρυ-

309 3413 632 3493 χωμένην.
717 3414 980 3497 δεχθεὶς
1021 3412 1098 3482 δὲ
1136 3411 1274 3485 ὑπὸ
1311 3419 1740 3503 Πτολεμαίου
1780 3414 1893 3482 καὶ
1920 3420 2325 3500 Σαπφινίου
