2450 3875
705 111 979 186 CONTRA
1020 128 1328 186 Ariorum
1370 131 1492 188 us.
1527 133 1594 189 11.
2042 119 2170 191 239‘

159 300 434 372 quattuor
463 293 611 353 enim
640 296 900 373 porticus
930 294 1128 356 habuit
1157 294 1215 355 in
1244 295 1485 356 circuitu
1504 341 1522 372 ,
1566 304 1625 357 et
1660 295 1858 356 harum
1901 283 2164 375 singulae

157 393 455 471 propriam
489 394 805 455 secundum
832 395 1023 474 legem
1054 395 1313 456 habuere
1340 395 1678 456 custodiam.
1728 396 1784 455 in
1815 397 2167 458 exteriorem

158 490 358 569 itaque
402 491 628 569 ingredi
664 492 901 554 licentia
940 493 1045 554 fuit
1084 491 1348 554 omnibus
1392 494 1561 554 etiam
1604 494 1844 555 alienisz
1891 494 2168 555 mulieres
2291 535 2300 541 -

156 581 554 651 tautummodo
596 601 985 652 menstruatae
1028 592 1275 652 transire
1311 590 1787 670 prohibebantur.
1866 595 1923 653 in
1963 612 2168 655 secun·
2227 665 2252 674 ..

102 717 132 756 5
162 687 296 748 dam
322 693 469 749 vero
510 690 796 769 porticum
841 690 1031 753 cuncti
1059 689 1266 750 Judaei
1304 688 1805 769 ingrediebantur,
1850 695 2168 773 eorumque

157 790 450 865 conjuges
476 806 646 867 quum
676 797 877 850 essent
904 788 977 849 ab
999 789 1149 848 omni
1173 785 1497 867 pollutione
1526 787 1792 850 mundae.
1853 792 1910 850 in
1941 794 2168 853 tertiam

156 885 403 946 masculi
448 887 803 948 Judaeorum
861 887 1053 948 mundi
1095 888 1452 947 exsistentes
1504 895 1680 967 atque
1731 888 2057 967 purificati,
2110 892 2167 950 in

159 994 421 1064 quartam
462 994 650 1047 autem
706 971 1083 1063 sacerdotes,
1139 985 1307 1045 stolis
1336 984 1514 1045 induti
1552 986 2046 1049 sacerdotalibus:
2108 989 2165 1048 in

154 1082 587 1158 adytum‚vero
635 1079 748 1146 soli
784 1086 1081 1164 principes
1134 1083 1530 1160 sacerdotum,
1578 1087 1815 1164 propria
1862 1086 2013 1146 stola
2058 1088 2165 1146 cir·
2239 1097 2249 1114 ¹

60 1194 118 1235 ιο
161 1183 505 1244 cumamicti.
563 1191 715 1243 tanta
750 1199 896 1243 vero
929 1191 1020 1243 est
1054 1183 1210 1242 circa
1242 1183 1427 1248 omnia
1457 1182 1830 1261 providentia
1848 1184 2082 1262 pietatis
2109 1192 2174 1243 ut

160 1279 477 1342 secundum
511 1280 782 1359 quasdam
815 1281 992 1350 horas
1036 1281 1380 1343 sacerdotes
1420 1280 1645 1359 ingredi
1679 1283 2048 1342 constitutum
2076 1282 2168 1346 sit.

155 1396 327 1438 mane
351 1371 525 1439 etiam
549 1389 756 1459 aperto
780 1380 1003 1459 templo
1035 1378 1347 1460 oportebat
1374 1377 1657 1440 facientes
1685 1380 1923 1441 traditas
1948 1379 2171 1441 hostias

157 1478 441 1554 introire,
468 1478 1057 1553 et·merid÷e›rursus,
1091 1478 1221 1539 dum
1257 1475 1629 1539 clauderetur
1655 1479 1948 1558 templum.
2009 1478 2168 1540 deni-

157 1595 276 1656 que
316 1595 391 1636 ne
430 1595 537 1638 vas
584 1577 812 1656 quidem
867 1577 1102 1657 aliquod
1149 1578 1369 1656 portari
1415 1577 1554 1639 licet
1595 1581 1653 1638 in
1696 1580 2006 1660 templum,
2060 1579 2166 1640 sed

56 1697 113 1738 15
155 1683 325 1735 erant
353 1676 411 1734 in
434 1692 508 1734 eo
535 1674 898 1736 solummodo
926 1667 1125 1754 posita
1144 1676 1332 1736 altare
1360 1693 1558 1736 mensa
1582 1675 1926 1737 thuribulum
1958 1678 2167 1738 cande·
2209 1681 2214 1694 ¹

151 1771 416 1848 labrum,
472 1789 621 1851 quae
667 1774 855 1833 omnia
895 1775 952 1833 in
989 1774 1125 1852 lege
1170 1775 1502 1853 conscripta
1533 1755 1682 1834 sunt.
1764 1777 1974 1835 etenim
2028 1774 2170 1835 nihil

153 1871 405 1952 amplius
428 1887 619 1951 neque
646 1872 1048 1948 mysteriorum
1075 1872 1398 1953 aliquorum
1427 1871 1800 1933 ineffabilium
1830 1875 2166 1952 agitur,ne·

157 1990 278 2053 que
321 1972 473 2032 intus
498 1970 616 2032 ulla
646 1970 903 2050 epulatio
935 1971 1374 2032 administratur.
1460 1969 1610 2032 haec
1639 1973 1789 2031 enim
1819 1989 1970 2052 quae
1998 1987 2168 2051 prae·

159 2072 321 2134 dicta
358 2080 531 2148 sunt,
572 2069 790 2132 habent
819 2072 995 2131 totius
1024 2071 1229 2151 populi
1266 2072 1649 2131 testimonium
1687 2071 2049 2132 manifestum
2078 2088 2171 2130 ra-

64 2190 122 2232 zo
159 2152 495 2251 tionemque
531 2179 849 2249 gestorum.
928 2171 1069 2232 licet
1103 2171 1253 2231 enim
1296 2171 1408 2230 siut
1435 2168 1621 2231 tribus
1659 2178 1929 2250 quattuor
1968 2186 2167 2230 sacer-

156 2272 389 2348 dotum,
439 2280 499 2331 et
546 2266 748 2332 harum
788 2269 1032 2331 tribuum
1078 2270 1345 2349 singulae
1397 2268 1648 2331 habeant
1691 2268 1980 2331 hominum
2035 2269 2167 2348 plus

152 2387 326 2451 quam
357 2371 607 2450 quinque
649 2369 841 2447 milia,
882 2368 942 2430 iit
978 2378 1173 2430 tamen
1213 2367 1551 2429 observatio
1600 2367 2027 2446 particulariter
2060 2384 2168 2446 per

156 2469 286 2529 dies
333 2475 559 2535 certos3
605 2476 664 2527 et
701 2467 792 2528 his
836 2469 1145 2530 transactis
1187 2468 1285 2529 alii
1317 2466 1723 2527 succedentes
1767 2467 1838 2527 ad
1881 2465 2167 2526 sacrificia

157 2565 434 2641 veniunt,
474 2573 536 2623 et
578 2567 920 2643 congregati
962 2568 1020 2627 in
1064 2565 1342 2646 templum
1381 2565 1669 2647 mediante
1707 2564 1799 2626 die
1847 2581 1879 2626 a
1919 2581 2164 2644 praece·

66 2687 122 2726 π
157 2660 429 2726 dentibus
460 2661 660 2725 claves
689 2654 892 2742 templi
927 2673 986 2724 et
1014 2663 1086 2724 ad
1115 2678 1411 2725 numerum
1440 2678 1580 2723 vasa
1606 2661 1792 2729 omnia
1816 2662 2165 2742 percipiunt,

82 2832 89 2840 ‚
155 2760 316 2824 nulla
346 2777 412 2828 re
442 2778 593 2839 quae
625 2759 696 2821 ad
727 2758 916 2821 cibum
948 2770 1045 2822 aut
1071 2770 1270 2841 potum
1302 2760 1542 2823 attineat
1567 2760 1624 2820 in
1653 2758 1926 2839 templum
1952 2759 2162 2821 delata.

153 2861 295 2923 talia
330 2876 579 2938 namque
613 2859 784 2920 etiam
827 2858 899 2921 ad
942 2859 1148 2921 altaria
1185 2860 1401 2921 offerre
1443 2859 1791 2938 prohibitum
1824 2866 1945 2936 est,
1993 2876 2162 2939 prae·

151 2970 249 3021 ter
277 2957 378 3019 illa
411 2974 560 3036 quae
590 2956 664 3018 ad
695 2957 976 3021 sacrificia
1013 2966 1452 3038 praeparantur.

324 3055 463 3135 quid
500 3058 650 3134 'ergo
692 3056 989 3136 Apionem-
1030 3057 1271 3129 dicimus
1314 3055 1457 3133 nisi,
1502 3053 1644 3115 nihil
1683 3052 1899 3116 horum.
1949 3055 2162 3115 exami·
2198 3056 2235 3109 8

64 3179 118 3220 ao
152 3166 420 3234 nantem,
461 3150 644 3216 verba
672 3155 969 3217 incredula
1001 3152 1363 3236 protulisse?
1397 3154 1503 3216 sed
1533 3163 1702 3234 turpe
1731 3161 1851 3228 est,
1883 3151 2163 3213 historiae

154 3276 354 3321 veram
376 3256 635 3317 notitiam
666 3257 715 3316 si
734 3257 1002 3337 proferre
1024 3257 1430 3335 grammaticus
1451 3270 1567 3315 non
1596 3253 1801 3334 possit.
1872 3260 1933 3311 et
1965 3252 2162 3311 sciens

152 3357 359 3438 templi
401 3356 587 3419 nostri
627 3352 938 3435 pietatem,
979 3357 1128 3417 hanc
1175 3353 1405 3433 quidem
1443 3350 1867 3431 praetermisit,
1917 3348 2162 3410 hominis
