2450 3875
867 168 1159 234 ΛΟΓΟΣ
1208 171 1556 235 ΠΡΩΤΟΣ
2136 169 2207 238 31

205 333 479 420 ἐλήφθη
506 334 620 400 καὶ
662 324 700 401 ὁ
729 327 1250 421 Ἀριστοβούλου
1280 335 1648 422 πενθερός·
1688 332 1726 402 ὁ
1773 333 1842 403 δ’
1883 331 2089 415 αὐτὸς
2127 327 2216 422 ἦν

203 435 316 500 καὶ
357 441 552 511 θεῖος
591 426 794 522 αύτῷ.
858 434 970 499 καὶ
1015 430 1176 510 τοὺς
1207 432 1333 518 μὲν
1375 434 1805 514 αἰτιωτάτους
1846 439 1971 502 τοῦ
2014 437 2215 503 πολέ-

204 557 343 619 μου
377 533 641 601 πελέκει
667 530 961 620 κολάζει,
1007 536 1326 602 Φαῦστον
1358 530 1434 600 δὲ
1472 534 1584 601 καὶ
1619 529 1780 613 τοὺς
1818 528 1963 618 μετ’
2003 530 2215 602 αὐτοῦ

205 635 537 716 γενναίως
600 625 1149 716 ἀγωνισαμένους
1203 636 1530 716 λαμπροῖς
1585 629 1940 714 ἀριστείοις
1992 635 2215 717 δωρη-

148 753 177 793 s
209 729 539 817 σάμενος,
583 737 665 819 τῇ
706 753 778 797 τε
813 728 999 820 χώρα
1043 730 1154 798 καὶ
1194 743 1336 810 τοῖς
1362 726 1849 818 Ἱεροσολύμοις
1890 731 2217 799 ἐπιτάττει

203 853 449 915 ‹ronov-

377 925 795 1014 ἀφελόμενος
824 928 899 995 δὲ
935 933 1059 995 τοῦ
1081 931 1335 1008 ἔθνους
1368 928 1479 995 καὶ
1505 924 1624 1008 τὰς
1651 929 1727 996 ἐν
1748 935 1960 1017 Κοίλῃ
1986 932 2209 1017 Συρίᾳ
2235 942 2267 997 7

204 1025 441 1106 πόλεις
460 1022 624 1107 ὅσας
655 1019 855 1114 εἷλεν,
900 1022 1183 1106 ὑπέταξε
1225 1031 1320 1115 τῷ
1359 1023 1506 1094 κατ’
1539 1029 1757 1095 έκεῖνο
1796 1032 2038 1110 καιροῦ
2061 1024 2221 1094 Ῥω-

204 1130 428 1213 μαίων
470 1131 817 1216 στρατηγῷ
863 1126 1435 1217 κατατεταγμένῳ,
1484 1129 1597 1195 καὶ
1637 1140 1776 1207 τοῖς
1807 1129 2002 1207 ἰδίοις
2035 1122 2222 1209 ὅροις

119 1251 174 1291 ιο
206 1224 686 1307 περιέκλεισεν.
750 1220 1082 1304 ἀνακτίζει
1113 1224 1188 1291 δὲ
1221 1224 1333 1292 καὶ
1357 1225 1632 1317 Ιζάδαρα
1649 1280 1664 1307 ,
1709 1223 1841 1293 ὑπὸ
1880 1223 2221 1293 Ἰουδαίων

203 1323 818 1408 κατεστραμμένην,
854 1325 1192 1409 Γαδαρίτῃ
1212 1321 1347 1389 τινὶ
1368 1327 1505 1389 τοῖν
1528 1326 1718 1391 ίδίων
1740 1319 2222 1405 ἀπελευθέρων

204 1427 578 1511 Δημητρίῳ
611 1419 1056 1507 χαριζόμενος.
1122 1416 1553 1509 ἠλευθέρωσε
1588 1417 1655 1490 δ’
1700 1418 1813 1489 ἀπ’
1852 1417 2078 1489 αὐτῶν
2110 1421 2222 1488 καὶ

205 1517 330 1600 τὰς
357 1521 434 1587 έν
453 1525 535 1609 τῇ
557 1525 886 1612 μεσογείῳ
911 1519 1162 1607 πόλεις,
1188 1519 1351 1601 ὅσας
1373 1518 1465 1607 μὴ
1490 1520 1878 1606 φθάσαντες
1898 1524 2220 1589 κατέσκα-

205 1633 373 1706 ψαν,
388 1618 630 1688 Ἵππον
658 1619 1107 1688 Σκυθόπολίν
1134 1644 1207 1688 τε
1236 1621 1346 1688 καὶ
1381 1623 1649 1689 Πέλλαν
1691 1622 1803 1689 καὶ
1831 1619 2222 1708 Σαμάρειαν

120 1737 175 1778 ⁸⁵
211 1718 328 1788 καὶ
349 1716 736 1805 Μάρισσαν,
782 1716 951 1805 πρὸς
981 1711 1085 1797 αἷς
1102 1714 1393 1799 ’Ἄζωτον
1416 1720 1526 1788 καὶ
1541 1716 1867 1806 Ἰάμνειαν
1900 1722 2010 1788 καὶ
2038 1716 2223 1805 Ἀρέ-

207 1829 514 1904 θουσαν,
566 1812 815 1903 ὁμοίως
854 1816 930 1885 δὲ
972 1819 1087 1886 καὶ
1131 1815 1252 1899 τὰς
1294 1826 1694 1908 παραλίους,
1749 1820 1967 1901 Γάζαν
2002 1817 2224 1905 Ἰόπην

208 1921 462 2003 Δῶρα,
503 1915 615 1984 καὶ
655 1913 780 2004 τὴν
825 1915 1030 1989 πάλαι
1068 1916 1193 2004 μὲν
1218 1918 1625 2005 Στράτωνος
1664 1917 1931 2005 πύργον
1974 1925 2225 1987 καλου-

209 2019 447 2105 μένην,
492 2013 782 2100 ῧστερον
816 2015 892 2085 δὲ
927 2028 1486 2104 μετακτισθεῖσαν
1520 2014 1649 2104 ὑφ’
1686 2014 1995 2102 Ἡρωδου
2032 2023 2227 2105 βασι-

210 2116 382 2194 λέως
414 2114 903 2201 λαμπροτάτοις
942 2115 1524 2204 κατασκευάσμασι
1557 2117 1669 2185 καὶ
1701 2124 2225 2204 μετονομασθεῖ-

121 2240 182 2280 20
213 2232 349 2282 σαν
373 2214 805 2299 Καισάρειαν.
871 2213 950 2296 ἃς
973 2216 1190 2297 πάσας
1214 2230 1352 2296 τοῖς
1390 2222 1691 2302 γνησίοις
1713 2213 2012 2296 ἀποδοὺς
2032 2221 2225 2284 πολί-

217 2340 367 2395 ταις
383 2316 734 2396 κατέταξεν
757 2320 852 2397 εἰς
867 2313 993 2402 τὴν
1012 2314 1371 2404 Συριακὴν
1394 2314 1735 2401 ἐπαρχίαν.
1779 2311 2125 2401 παραδοὺς
2148 2313 2223 2381 δὲ

215 2414 476 2501 ταύτην
508 2439 579 2483 τε
606 2416 716 2484 καὶ
737 2413 863 2503 τὴν
881 2414 1214 2485 Ἰουδαίαν
1241 2417 1352 2483 καὶ
1379 2411 1460 2483 τά
1494 2416 1719 2503 μέχρις
1738 2413 2092 2499 Αἰγύπτου
2115 2415 2225 2480 καὶ

215 2511 596 2602 Εὐφράτου
617 2517 914 2608 Σκαύρῳ
938 2518 1218 2603 διέπειν,
1242 2513 1505 2582 καὶδύο
1526 2519 1664 2580 των
1691 2512 2066 2601 ταγμάτων,
2099 2509 2225 2579 αύ-

213 2609 333 2694 τός
362 2610 476 2681 διὰ
497 2619 802 2694 Κιλικίας
824 2618 918 2695 εἰς
931 2610 1189 2700 Ῥώμην
1210 2609 1542 2700 ἠπείγετο,
1572 2610 1694 2679 τὸν
1712 2607 2226 2699 Ἀριστόβουλον

121 2739 184 2780 25
217 2710 408 2798 ἄγων
435 2710 601 2799 μετά
623 2718 743 2800 τῆς
774 2720 1012 2799 γενεᾶς
1044 2699 1482 2799 αἰχμάλωτον.
1547 2708 1677 2779 δύο
1723 2707 1786 2776 δ’
1837 2702 2011 2797 ἦσαν
2047 2706 2229 2799 αύτῷ

213 2813 592 2899 θυγατέρες
612 2815 725 2880 καὶ
746 2812 873 2881 δύο
894 2817 1064 2894 υἱεῖς
1077 2864 1098 2900 ,
1131 2803 1231 2880 ὦν
1257 2808 1294 2879 ὁ
1319 2812 1545 2898 ἕτερος
1565 2810 1690 2899 μὲν
1706 2808 2133 2895 Ἀλέξανδρος
2152 2810 2227 2876 ἐκ

213 2917 335 2999 τῆς
356 2908 529 2980 ὁδοῦ
556 2910 1037 2999 διαδιδράσκει,
1076 2908 1209 2980 σὺν
1231 2909 1306 2979 δὲ
1328 2924 1469 2991 ταῖς
1491 2909 1811 2998 ἀδελφαῖς
1839 2905 1876 2977 ὁ
1902 2905 2229 2996 νεώτερος

205 3009 589 3097 Ἀντίγονος
613 3014 707 3091 εἰς
721 3008 977 3098 Ῥώμην
1000 3012 1350 3096 ἐκομίζετο.

386 3104 518 3177 κάν
547 3109 767 3201 τούτῳ
798 3115 1116 3196 Σκαῦρος
1147 3113 1242 3188 εἰς
1264 3106 1389 3194 τὴν
1418 3106 1731 3196 Ἀραβίαν
1767 3104 2079 3197 ἐμβαλών
2111 3114 2224 3196 τῆς
2242 3115 2284 3178 8

123 3238 181 3279 an
214 3214 344 3299 μὲν
379 3211 642 3297 Πέτρας
667 3216 926 3295 εἴργετο
950 3220 1092 3289 ταῖς
1114 3211 1537 3293 δυσχωρίαις,
1567 3206 1844 3292 ἐπόρθει
1865 3210 1941 3277 δὲ
1972 3205 2053 3276 τά
2075 3210 2229 3293 περὶ

209 3312 506 3395 Πέλλαν,
530 3307 664 3377 κάν
674 3309 894 3400 τούτῳ
914 3310 989 3379 δὲ
1009 3312 1428 3376 κακοπαθῶν
1442 3332 1457 3347 ·
1482 3308 1795 3393 έλίμωττε
1812 3306 1941 3392 γάρ
1961 3305 2004 3394 ἡ
2019 3325 2223 3390 στρα-

212 3409 346 3478 τιά.
388 3405 683 3495 καὶπρὸς
703 3413 905 3477 τοῦτο
916 3404 1243 3495 Ὑρκανὸς
1263 3406 1644 3495 ἐπεβοήθει,
1671 3402 1765 3475 δι’
1786 3402 2226 3494 Ἀντιπάτρου
