2450 3875
786 202 1081 263 ΛΟΓΟΣ
1131 203 1577 264 ΤΕΤΑΡΤΟΣ
2050 200 2172 262 303

167 380 336 430 στον
362 358 494 449 ἤδη
523 364 683 433 ποτὲ
713 369 1027 432 τίσασθαι
1054 360 1217 445 τοῦς
1257 369 1606 451 λυμεῶνας
1643 370 1760 451 τῆς
1788 370 2178 453 ἐλευθερίας

169 465 283 529 καὶ
315 468 610 549 καθῆραι
640 468 778 532 τῶν
802 460 1183 550 μιαιφόνων
1211 461 1287 531 τὰ
1320 461 1536 549 ἅγιον.
1608 467 1678 531 οἵ
1699 490 1771 532 τε
1802 466 2179 551 δοκιμώτα-

167 586 276 628 τοι
312 566 451 629 τῶν
487 558 868 648 ἀρχιερέων,
899 566 1176 647 Γαμαλᾶ
1204 561 1332 648 μὲν
1362 560 1511 643 υίὸς
1530 557 2073 648 ἸησοῦςἌνάνου
2102 565 2178 631 δὲ

154 657 480 748 Ἄνανος,
526 658 737 728 πολλὰ
766 661 887 728 τὸν
915 664 1133 748 δῆμον
1164 665 1258 740 εἰς
1299 666 1600 729 νωθείαν
1624 666 2179 743 κατονειδίζοντες

120 785 145 823 ε
175 758 254 824 ἐν
294 773 438 839 ταῖς
482 760 799 838 συνόδοις
837 758 1197 845 ἐπήγειρον
1237 771 1377 838 τοῖς
1414 763 1761 845 ζηλωταῖς·
1810 766 2011 827 τοῦτο
2046 756 2177 845 γὰρ

173 853 429 938 αὐτοῦς
466 856 790 926 ἐκάλεσαν
823 853 915 938 ὥς
957 854 1063 925 ἐπ’
1109 854 1394 942 ἀγαθοῖς
1431 858 1978 945 ἐπιτηδεύμασιν,
2026 853 2173 926 ἀλλ’

172 953 328 1043 ούχὶ
353 955 761 1044 ζηλώσαντες
799 955 879 1025 τά
918 957 1197 1024 κάκιστα
1232 961 1372 1024 τῶν
1405 960 1624 1043 ἔργων
1661 956 1772 1025 καὶ
1798 953 2179 1044 ὑπερβαλό-

172 1080 389 1141 μενοι.
442 1057 554 1123 καὶ
576 1053 660 1142 δὴ
688 1053 1147 1135 συνελθόντος
1173 1059 1301 1122 τοῦ
1330 1054 1641 1141 πλήθους
1672 1060 1763 1136 εἰς
1799 1057 2175 1144 ἐκκλησίαν,
2215 1067 2282 1121 10

175 1155 288 1222 καὶ
332 1154 605 1222 πάντων
643 1151 1211 1242 ἀγανακτούντων
1251 1156 1376 1240 μὲν
1404 1155 1513 1222 ἐπὶ
1539 1160 1621 1243 τῇ
1653 1153 2014 1240 καταλήψει
2042 1161 2181 1223 τῶν
2292 1196 2303 1205 ·

83 1276 142 1316 ιο
178 1251 393 1338 ἁγίων
432 1266 580 1333 ταῖς
601 1278 673 1321 τε
701 1251 1033 1341 ἁρπαγαῖς
1075 1254 1186 1321 καὶ
1215 1266 1354 1335 τοῖς
1388 1255 1935 1341 πεφονευμένοις,
1984 1251 2175 1322 οὔπω

174 1351 252 1420 δὲ
283 1353 453 1438 πρὸς
492 1352 617 1441 τὴν
660 1350 929 1439 ἄμυναν
972 1350 1390 1440 ὡρμημένων
1435 1359 1530 1444 τῷ
1568 1353 2178 1441 δυσεπιχειρήτους,

169 1450 346 1537 ὅπερ
374 1445 482 1538 ἦν,
517 1451 677 1532 τοῦς
709 1449 993 1539 ζηλωτὰς
1026 1449 1557 1541 ὑπολαμβάνειν,
1596 1452 1921 1533 καταστάς
1951 1456 2029 1520 ἐν
2062 1458 2180 1540 μέ·-

171 1570 322 1630 σοις
351 1546 390 1617 ὁ
415 1547 705 1631 Ἀνανος
735 1552 845 1618 καὶ
875 1549 1194 1632 πολλάκις
1235 1556 1328 1632 εἰς
1369 1550 1490 1619 τὸν
1533 1550 1705 1620 ναὸν
1734 1548 2017 1638 ἀπιδών,
2063 1554 2181 1638 ἐμ-

171 1650 436 1735 πλήσας
475 1675 550 1717 τε
589 1649 746 1730 τοῦς
801 1646 1205 1736 ὀφθαλμούς
1261 1651 1616 1737 δακρύων,
1657 1643 1749 1736 “ἦ
1795 1650 2005 1718 καλόν
2058 1647 2175 1737 γε”

83 1776 135 1814 ιε
176 1745 369 1816 εἶπεν
399 1740 533 1833 “ἦν
572 1748 719 1834 ἐμοὶ
765 1747 1126 1834 τεθνάναι,
1177 1749 1339 1833 πρὶν
1375 1749 1631 1816 ἐπιδεῖν
1664 1745 1787 1816 τὸν
1830 1747 2020 1817 οἶκον
2058 1752 2184 1815 τοῦ

175 1853 358 1916 θεοῦ
410 1845 760 1926 τοσούτοις
810 1843 1006 1933 ἄγεσι
1054 1848 1510 1932 καταγέμοντα
1561 1849 1673 1914 καὶ
1722 1846 1839 1928 τὰς
1891 1845 2183 1935 ἀβάτους

169 1948 290 2015 καὶ
348 1942 538 2031 ἁγίας
600 1944 820 2032 χώρας
874 1948 1030 2014 ποσὶ
1083 1946 1467 2032 μιαιφόνων
1530 1950 2175 2034 στενοχωρουμένας.

170 2043 350 2116 ἀλλὰ
401 2051 861 2131 περικείμενος
905 2043 1032 2132 τὴν
1078 2043 1546 2132 ἀρχιερατικὴν
1591 2049 1877 2134 ἐσθῆτα,
1943 2050 2054 2114 καὶ
2103 2045 2178 2115 τὸ

169 2145 574 2234 τιμιώτατον
613 2146 1028 2232 καλούμενος
1066 2171 1204 2213 των
1246 2151 1626 2234 σεβασμίων
1669 2144 2040 2234 ὀνομάτων,
2096 2152 2182 2228 ζῶ

79 2273 138 2315 20
176 2248 294 2315 καὶ
335 2249 724 2330 φιλοψυχω,
771 2249 1003 2331 μηκέτι
1050 2242 1225 2329 ὑπὲρ
1267 2243 1525 2331 τούμοῦ
1566 2244 1786 2330 γήρως
1821 2243 2183 2332 ὑπομένων

174 2342 425 2430 εὐκλεῆ
461 2343 788 2413 θάνατον.
847 2348 910 2411 εί
944 2341 1020 2411 δὲ
1060 2341 1145 2429 δὴ
1189 2345 1394 2429 μόνος
1437 2342 1570 2430 εἰμὶ
1612 2345 1723 2410 καὶ
1757 2345 2065 2430 καθάπερ
2110 2346 2185 2410 ἐν

172 2447 438 2532 ἐρημίᾳ,
482 2439 607 2527 τὴν
636 2444 931 2528 ἐμαυτοῦ
972 2443 1197 2528 ψυχὴν
1234 2441 1541 2510 ἐπιδώσω
1579 2442 1797 2529 μόνην
1839 2437 2012 2525 ὑπὲρ
2062 2447 2187 2509 τοῦ

126 2538 140 2549 ’
175 2547 373 2613 θεοῦ.
460 2547 530 2609 τί
566 2538 694 2628 γὰρ
746 2541 858 2608 καὶ
900 2543 1008 2608 δεῖ
1042 2545 1160 2627 ζῆν
1202 2542 1280 2608 ἐν
1321 2540 1510 2630 δήμω
1560 2546 1937 2628 συμφορῶν
1982 2537 2177 2607 ἀναι-

175 2646 585 2727 σθητοῦντι,
643 2640 755 2707 καὶ
808 2638 971 2722 παρ’
1026 2632 1128 2720 οἶς
1185 2637 1536 2708 ἀπόλωλεν
1588 2637 1631 2726 ἡ
1680 2646 1819 2708 τῶν
1875 2642 1951 2706 ἐν
1999 2639 2185 2725 χερσὶ

77 2767 136 2810 2⁶
179 2745 430 2810 παθῶν
494 2735 880 2825 ἀντίληψις,
860 2767 877 2783 ·
946 2734 1392 2825 ἁρπαζόμενοι
1455 2744 1627 2824 γοῦν
1691 2735 2013 2823 ἀνέχεσθε
2074 2741 2185 2804 καὶ

171 2837 584 2924 τυπτόμενοι
628 2842 938 2921 σιωπᾶτε,
980 2837 1092 2904 καὶ
1133 2848 1274 2916 τοῖς
1315 2839 1799 2923 φονευομένοις
1831 2832 1994 2903 οὐδὲ
2036 2835 2184 2903 ἐπι-

169 2940 395 3009 στένει
434 2963 535 3017 τις
575 2932 993 3021 ἀναφανδόν.
1084 2960 1138 3002 ω
1179 2940 1297 3030 τῆς
1341 2958 1584 3021 πικρας
1625 2937 2042 3020 τυραννίδος.
2122 2940 2191 3001 τί

171 3036 253 3107 δὲ
299 3039 640 3123 μέμφομαι
689 3059 851 3114 τους
899 3032 1316 3120 τυράννουςς
1373 3032 1463 3120 μὴ
1518 3031 1646 3119 γὰρ
1711 3027 1837 3099 οὐκ
1893 3029 2185 3152 ἐτράφη-

173 3158 312 3205 σαν
355 3131 472 3221 ὑφ’
517 3129 716 3220 ὑμῶν
756 3133 868 3201 καὶ
905 3138 1021 3219 τῆς
1064 3128 1387 3219 ὑμετέρας
1430 3128 1885 3212 ἀνεξικακίας,
1919 3157 2009 3218 μη
2052 3129 2183 3216 γὰρ

74 3263 134 3305 ³0
170 3231 308 3320 ούχ
363 3230 554 3319 ὑμεῖς
607 3230 1023 3317 περιιδόντες
1078 3229 1238 3311 τοῦς
1296 3253 1604 3316 πρωτους
1657 3231 2187 3315 συνισταμένους

177 3337 312 3423 (ἔτι
357 3331 431 3399 δὲ
467 3323 639 3417 ἦσαν
674 3327 921 3420 ὀλίγοι)
963 3335 1237 3410 πλείους
1276 3328 1629 3415 ἐποιησατε
1671 3332 1753 3417 τῇ
1788 3331 2041 3415 σιωπῇ,
2072 3331 2185 3394 καὶ

174 3428 779 3516 καθοπλιζομένων
815 3426 1227 3516 ἠρεμοῦντες
1261 3422 1423 3495 καθ’
1452 3426 1711 3493 ἑαυτων
1742 3425 2182 3511 ἐπεστρέψατε
