2450 3875
252 79 373 141 184
930 81 1581 143 ΑΡΧΑΙΟΛΟΓΙΑΣ

251 256 647 342 ἐπέραινον,
692 251 861 323 ἀλλὰ
886 260 1007 322 καί
1037 280 1189 323 τινα
1226 250 1454 323 αὐτῶν
1487 252 1608 324 τὸν
1634 254 1915 343 μάλιστα
1961 254 2256 345 τιμῶμε-

254 385 409 446 νον,
440 353 541 426 ὅτι
571 363 908 447 παρρησίᾳ
939 364 1200 426 πλείονι
1230 355 1580 448 χρήσαιτο,
1610 354 1994 444 ἀπέκτεινε,
2034 360 2148 428 καὶ
2182 354 2259 439 ὃς

254 458 676 549 κτεινόμενος
705 457 936 551 εὐνοίᾳ
962 465 1044 551 τῇ
1070 463 1208 529 τ’ῶν
1241 459 1471 548 νόμων
1493 466 1617 531 τοῦ
1641 468 2020 541 κτείνοντος
2045 458 2260 532 αὐτὸν

252 569 583 653 τιμωρίαν
609 562 985 653 ἐπηράσατο
1009 559 1194 655 αὐτῷ
1229 590 1303 632 τε
1327 560 1636 657 Ἀνιλαίῳ
1664 566 1777 634 καὶ
1801 561 2114 657 Ἀσιναίῳ
2142 567 2260 634 καὶ

255 673 462 736 πᾶσιν
488 669 772 755 ἑταίροις
797 662 1036 754 ὁμοίαν
1062 661 1196 735 ὑπὸ
1222 671 1363 735 τῶν
1399 668 1666 754 ἐχθρῶν
1700 670 2111 754 ἐπαχθεῖσαν
2136 694 2254 755 γε·
2286 700 2312 739 s

255 773 498 841 νέσθαι
524 768 881 858 τελευτήν,
931 783 1069 848 τοῖς
1104 769 1229 857 μὲν
1259 763 1347 849 ῶς
1372 764 1650 858 ἡγεμόσι
1676 777 2113 859 παρανομιῶν
2139 797 2257 857 γε·

255 872 521 959 γονόσι,
563 888 702 953 τοῖς
744 873 817 942 δὲ
852 867 953 941 ὅτι
983 868 1073 960 μὴ
1098 879 1424 961 βοηθοῖεν
1465 870 1649 966 αὐτῷ
1686 872 1910 943 τοιάδε
1938 871 2262 961 πάσχοντι

259 973 372 1045 διὰ
396 974 472 1044 τὸ
494 977 789 1046 ἐκδικεῖν
814 989 953 1054 τοῖς
982 972 1231 1063 νόμοις,
1260 982 1330 1044 οἳ
1355 974 1429 1051 δὲ
1457 975 1866 1064 ἐβαρύνοντο
1893 978 2039 1064 μέν,
2068 973 2259 1066 ἠνεί-
2393 1056 2406 1071 ⁶

255 1106 453 1167 χοντο
482 1081 579 1166 δέ,
611 1076 1147 1168 μνημονεύοντες
1173 1073 1298 1147 οὐκ
1327 1079 1393 1159 ἐξ
1425 1074 1630 1167 ἄλλης
1657 1084 1873 1160 αἰτίας
1898 1075 2044 1149 ἀλλ’
2076 1078 2262 1167 ἰσχύι

253 1187 337 1270 τῇ
367 1184 649 1252 ἐκείνων
672 1186 754 1271 τῇ
785 1176 1182 1271 εὐδαιμονίᾳ
1209 1180 1681 1263 συνελθόντες.
1728 1183 1874 1252 ἐπεὶ
1901 1181 1976 1251 δὲ
1997 1183 2108 1252 καὶ
2133 1180 2264 1271 τὴν
2301 1211 2350 1252 ιο

255 1291 634 1375 θεραπείαν
660 1281 1036 1371 ἀκροῶνται
1063 1286 1201 1352 τῶν
1226 1288 1416 1354 θεῶν
1441 1291 1578 1355 τῶν
1597 1290 2025 1372 Παρθυαίοις
2048 1311 2260 1374 τιμωε
2425 1276 2426 1281 ¹

255 1389 515 1475 μένων,
574 1381 798 1457 οὐκέτι
854 1382 1140 1456 ἀνεκτὸν
1192 1381 1559 1475 ἡγούμενοι
1612 1392 1734 1457 τοῦ
1789 1385 2130 1458 Ἀνιλαίου
2182 1386 2263 1458 τὸ

253 1486 532 1577 ὑβρίζον
561 1495 655 1570 εἰς
680 1486 837 1568 τούς
863 1488 1131 1576 νόμους,
1161 1490 1272 1559 ἐπὶ
1297 1487 1418 1561 τόν
1437 1486 1775 1561 Ἀσιναῖον
1803 1493 2118 1572 ἐλθόντες
2145 1493 2265 1561 καὶ

255 1594 532 1673 πλέονες
572 1590 703 1682 ἤδη
741 1591 1089 1681 κατεβόων
1124 1598 1247 1661 τοῦ
1290 1590 1663 1678 Ἀνιλαίου,
1718 1592 2006 1683 φάμενοι
2041 1598 2266 1674 καλῶς

255 1703 468 1783 ἔχειν,
518 1702 582 1765 εἰ
618 1692 709 1786 μὴ
748 1693 1076 1785 πρότερον
1115 1692 1276 1764 καθ’
1322 1691 1531 1766 αὐτὸν
1582 1695 1764 1785 ἕιόρα,
1803 1694 1877 1766 τὸ
1920 1694 2260 1785 ὠφελοῦν,
2301 1728 2349 1770 15
2425 1764 2426 1785 ἶ

255 1796 426 1868 ἀλλὰ
476 1805 609 1868 νῦν
650 1803 821 1887 γοῦν
875 1796 1287 1888 ἐπιστροφὴν
1339 1810 1683 1869 ποιεῖσθαι
1732 1805 1854 1869 τοῦ
1908 1799 2265 1887 γεγονότος

258 1904 422 1992 πρὶν
449 1897 492 1992 ἢ
517 1900 643 1994 τὴν
671 1897 1002 1992 ἁμαρτίαν
1026 1904 1265 1995 ἐκείνω
1291 1928 1364 1973 τε
1394 1903 1508 1972 καὶ
1536 1908 1695 1973 πᾶσι
1724 1917 1863 1983 τοῖς
1892 1900 2117 1985 ἄλλοις
2144 1928 2260 1992 γε·

257 1999 502 2076 νέσθαι
534 2012 628 2087 εἰς
642 2003 945 2095 ’ὄλεθρον
974 2003 1459 2094 ἀνακειμένην,
1498 2004 1618 2076 τόν
1643 2033 1716 2076 τε
1754 2007 1971 2095 γάμον
1994 2013 2112 2096 τῆς
2137 2004 2260 2078 ἄν·

258 2108 544 2199 θρῶπου
575 2112 881 2197 λέγοντες
906 2103 988 2177 οὐ
1026 2105 1171 2197 μετ’
1205 2103 1432 2177 αὐτῶν
1463 2106 1618 2179 οὔτε
1649 2106 1875 2191 αὐτοῖς
1914 2110 2264 2180 εἰωθότων
2291 2142 2308 2158 ⁴
2425 2159 2426 2170 κ

256 2222 613 2281 τεθεῖσθαι
639 2210 900 2300 νόμων,
942 2212 1055 2279 καὶ
1092 2208 1218 2299 τὴν
1243 2219 1652 2301 θρησκείαν,
1693 2207 1788 2301 ἣν,
1804 2212 2187 2301 ἐπιτηδεύοι
2215 2208 2262 2301 ἡ
2296 2239 2349 2281 πο
2425 2267 2426 2284 ,

258 2313 467 2403 γυνή,
522 2310 629 2382 ἐπ’
679 2309 993 2402 ἆτιμῶσει
1044 2320 1164 2384 τοῦ
1212 2319 1386 2384 θεοῦ
1430 2319 1552 2383 τοῦ
1609 2309 1837 2395 αὐτοῖς
1891 2322 2264 2405 σεβασμίου

258 2416 701 2506 πράσσεσθαι.
748 2413 785 2486 ὃ
815 2415 890 2486 δὲ
916 2416 1031 2486 καὶ
1056 2414 1257 2498 αὐτὸς
1288 2414 1437 2507 ᾔδει
1465 2417 1591 2506 μὲν
1616 2414 1741 2507 τὴν
1766 2413 2114 2507 ἁμαρτάδα
2139 2422 2265 2488 τοῦ

258 2518 560 2608 ἀδελφοῦ
600 2519 910 2607 μεγάλων
956 2526 1179 2589 αἰτίαν
1231 2512 1442 2590 οὖσαν
1481 2526 1708 2590 κακῶν
1757 2523 1870 2591 καὶ
1911 2523 2262 2611 ἐσομένην,

259 2619 342 2692 οὐ
370 2620 504 2712 μὴν
531 2619 702 2693 ἀλλὰ
735 2625 847 2692 καὶ
878 2618 1177 2711 ἠνείχετό
1205 2650 1285 2711 γε
1324 2620 1555 2715 εὐνοίᾳ
1600 2629 1723 2693 τοῦ
1749 2629 2122 2713 συγγενοῦς
2149 2651 2258 2694 νι-

261 2724 594 2816 κώμενος,
622 2727 735 2795 καὶ
763 2725 1172 2815 συγγνώμην
1194 2729 1424 2816 νέμων
1453 2721 1542 2806 ῶς
1566 2721 1699 2798 ὑπὸ
1726 2734 2105 2815 κρείττονος
2131 2755 2255 2798 κα-
2296 2758 2349 2799 25

260 2836 386 2900 κοῦ
423 2835 539 2919 τῆς
576 2831 942 2918 ἐπιθυμίας
966 2831 1337 2917 νικωμένῳ.
1407 2830 1552 2899 ἐπεὶ
1592 2828 1669 2899 δὲ
1701 2837 1975 2912 πλείους
1998 2857 2073 2901 τε
2098 2825 2261 2919 ὁση-

261 2936 455 3022 μέραι
482 2935 1109 3021 συνανεστρέφοντο
1147 2933 1261 3000 καὶ
1290 2938 1564 3012 πλείους
1601 2923 1776 3021 ἦσαν
1816 2938 1894 3002 αἱ
1915 2938 2264 3022 καταβοαί,

258 3039 629 3124 τηνικαῦτα
659 3035 743 3124 δή
770 3056 934 3123 φησι
974 3035 1127 3122 περὶ
1154 3031 1384 3105 αὐτῶν
1422 3033 1585 3124 πρὸς
1615 3033 1952 3107 Ἀνιλαῖον
1966 3088 1984 3122 ,
2023 3052 2165 3117 τοῖς
2190 3062 2266 3106 τε

262 3143 532 3224 πρῶτον
570 3137 925 3226 γεγονόσιν
965 3140 1289 3226 ἐπιτιμῶν
1330 3139 1444 3207 καὶ
1472 3137 1866 3209 παύσασθαι
1910 3166 1983 3210 το
2021 3136 2268 3209 λοιπὸν

260 3238 599 3325 κελεύων,
637 3239 763 3330 τὴν
787 3237 1159 3330 ἄνθρωπον
1186 3237 1757 3331 ἀποπεμψάμενον
1788 3247 1884 3322 εἰς
1910 3239 2066 3322 τούς
2092 3262 2262 3329 συγ·
2296 3269 2350 3310 ³0

261 3356 501 3425 γενετς.
549 3341 914 3429 ἐπράσσετο
941 3343 1015 3412 δὲ
1042 3341 1249 3413 οὐδὲν
1277 3346 1355 3414 ἐκ
1380 3349 1518 3415 τῶν
1546 3343 1785 3432 λόγων.
1851 3346 1964 3414 καὶ
2003 3373 2047 3433 η
2088 3371 2267 3432 γυνη

265 3440 341 3508 δὲ
368 3445 824 3530 αἰσθανομένη
842 3442 967 3531 μὲν
986 3450 1109 3514 τοῦ
1133 3451 1315 3535 θροῦ
1330 3452 1452 3516 τοῦ
1478 3448 1869 3537 κατέχοντος
1888 3444 2042 3528 τούς
2059 3444 2269 3532 λαορς
