2450 3875
849 196 1142 257 ΛΟΓΟΣ
1185 199 1534 259 ΠΡΩΤΟΣ
1639 213 1651 228 ’
2121 197 2196 260 13

195 383 323 441 ραν
361 363 480 444 τῆς
521 358 877 445 δυνάμεως
918 356 1284 446 ἀναλαβών
1325 359 1514 448 ἐπῄει
1558 357 1711 429 κατ’
1757 357 1921 430 ἄλλο
1974 363 2193 447 μέρος.

194 455 485 537 πολλοὺς
528 455 602 525 δὲ
646 460 986 543 πολλαχοῦ
1027 452 1161 522 κάν
1199 469 1338 537 τοῖς
1391 454 1577 542 ὄρεσι
1622 464 2019 544 προλοχίσας
2064 457 2198 527 πά-

192 575 341 634 σαις
361 567 597 637 κρατεῖ
618 568 758 633 ταῖς
780 556 1140 642 ἐπιβολαῖς.
1193 554 1305 621 καὶ
1331 554 1608 641 νικήσας
1631 562 1946 642 λαμπροῖς
1968 553 2200 642 ἀρχιε-

192 652 352 737 ρεὺς
397 649 907 739 ἀποδείκνυται,
963 653 1075 719 καὶ
1116 656 1235 738 τῆς
1270 658 1408 720 τῶν
1454 656 1879 721 Μακεδόνων
1920 657 2196 737 ἐπικρα-

141 772 166 812 s
193 755 369 830 τείας
389 747 554 837 μετὰ
577 747 815 819 ἑκατὸν
835 752 946 818 καὶ
978 750 1438 838 ἑβδομήκοντα
1460 754 1572 837 ἔτη
1596 748 1959 833 Ἰουδαίους
1982 748 2197 820 ἀπαλ-

189 848 434 919 λάττει.

359 949 652 1036 θνήσκει
687 949 762 1016 δὲ
797 949 908 1015 καὶ
955 944 1161 1029 αὐτὸς
1188 949 1701 1036 ἐπιβουλευθεὶς
1736 951 1812 1018 ἐν
1847 952 2194 1038 συμποσίῳ
2224 957 2263 1010 3

13 1059 18 1124 ί
189 1042 327 1115 ὑπὸ
357 1052 782 1134 Πτολεμαίου
804 1052 930 1116 τοῦ
947 1052 1291 1134 γαμβροῦ,
1337 1042 1414 1127 ὃς
1436 1044 1651 1116 αὐτοῦ
1672 1046 1797 1135 τήν
1820 1073 1890 1115 τε
1913 1057 2200 1133 γυναῖκα

190 1145 303 1214 καὶ
330 1143 491 1226 τούς
523 1145 650 1213 δύο
683 1149 925 1232 παῖδας
964 1146 1402 1231 ἐγκαθείρξας
1429 1147 1537 1214 ἐπὶ
1569 1146 1690 1214 τὸν
1719 1152 1949 1232 τρίτον
1974 1141 2203 1215 Ἰωάν-

121 1267 167 1308 w
195 1269 348 1331 νην,
373 1239 449 1324 ὃς
470 1244 580 1310 καὶ
594 1240 912 1331 Ὑρκανὸς
924 1244 1243 1329 ἐκαλεῖτο,
1257 1242 1415 1326 τούς
1427 1241 1915 1332 ἀναιρήσοντας
1928 1249 2197 1331 ἔπεμψε.

195 1341 542 1431 προγνοὺς
576 1346 650 1412 δὲ
687 1343 812 1429 τὴν
836 1346 1090 1429 ἔφοδον
1121 1338 1159 1411 ὁ
1192 1350 1544 1424 νεανίσκος
1581 1345 2079 1431 παραγενέσθαι
2109 1350 2203 1427 είς

194 1442 322 1529 τὴν
343 1438 547 1510 πόλιν
564 1437 906 1528 ἠπείγετο,
943 1447 1256 1509 πλεῖστον
1283 1447 1377 1532 τῷ
1397 1448 1537 1533 λαῷ
1568 1442 1914 1525 πεποιθώς
1941 1443 2108 1512 κατά
2130 1469 2202 1512 τε

198 1541 468 1627 μνήμην
486 1545 626 1608 τῶν
652 1537 983 1630 πατρῴων
995 1540 1543 1626 κατορθωμάτων
1555 1541 1666 1608 καὶ
1682 1554 1874 1628 μῖσος
1895 1547 2011 1628 τῆς
2023 1549 2204 1610 Πτο-

7 1725 10 1736 Ι
199 1646 477 1727 λεμαίου
516 1645 953 1727 παρανομίας.
1020 1635 1290 1727 ὥρμησε
1319 1638 1393 1707 δὲ
1424 1640 1537 1707 καὶ
1555 1648 1967 1727 Πτολεμαῖος
1992 1646 2204 1710 εἰσελ-

7 1761 10 1778 ⁴
123 1761 172 1805 ιε
202 1748 356 1807 θεῖν
395 1734 558 1806 καθ’
586 1738 821 1824 ἑτέραν
855 1737 1115 1825 πύλην,
1160 1736 1581 1824 ἐξεκρούσθη
1620 1763 1696 1824 γε
1731 1737 1869 1824 μὴν
1902 1738 2037 1806 ὑπὸ
2079 1745 2202 1806 τοῦ

202 1836 418 1926 δήμου
440 1838 705 1924 ταχέως,
729 1839 1151 1922 δεδεγμένων
1179 1834 1312 1922 ἤδη
1347 1834 1470 1904 τὸν
1481 1832 1827 1924 Τρκανόν.
1872 1835 2054 1906 καὶ“
2011 1865 2049 1906 ο
2080 1842 2204 1925 μὲν

201 1940 597 2023 παραχρῆμα
640 1930 1066 2022 ἀνεχώρησεν
1117 1937 1232 2003 ἐπί
1277 1962 1338 2003 τι
1388 1961 1528 2004 των
1565 1932 1738 2023 υπὲρ
1772 1933 2204 2023 Ἱεριχοῦντος

202 2030 586 2123 ἐρυμάτων,
631 2028 675 2101 ὁ
702 2030 958 2119 Δαγων
992 2040 1320 2102 καλεῖται·
1367 2035 1810 2122 κομισάμενος
1832 2037 1906 2103 δὲ
1926 2035 2051 2123 τὴν
2072 2063 2204 2105 πα-

202 2135 423 2225 τρῴαν
442 2129 954 2220 ἀρχιερωσύνην
967 2128 1320 2220 Τρκανός,
1345 2134 1457 2200 καὶ
1477 2133 1699 2215 θύσας
1718 2160 1812 2202 τω
1832 2140 1976 2226 θεῷ
1988 2187 2006 2221 ,
2041 2134 2204 2222 μετὰ

123 2255 176 2297 ²·
204 2232 445 2318 τάχους
468 2232 573 2299 ἐπὶ
596 2237 1020 2317 Πτολεμαῖον
1041 2227 1331 2319 ωρμησε,
1355 2232 1756 2320 τιμωρῆσων
1772 2239 1851 2322 τῇ
1872 2235 2069 2322 μητρὶ
2093 2233 2204 2301 καὶ

200 2343 336 2411 τοῖς
362 2326 703 2415 ἀδελφοῖς.

373 2425 781 2516 προσβαλὼν
822 2426 899 2496 δὲ
938 2433 1034 2520 τῷ
1078 2433 1387 2521 φρουρίῳ
1422 2429 1504 2498 τὰ
1527 2430 1652 2517 μὲν
1684 2428 1853 2499 ἄλλα
1879 2438 2200 2518 κρείττων
2229 2450 2266 2503 4

197 2522 306 2618 ἦν,
342 2525 583 2616 ἡττᾶτο
609 2527 684 2595 δὲ
713 2530 978 2596 δικαίου
1015 2528 1302 2609 πάθους.
1348 2525 1385 2596 ὁ
1411 2526 1540 2616 γὰρ
1562 2537 1973 2616 Πτολεμαῖος
2000 2529 2203 2599 ὁπότε

198 2640 673 2713 καταπονοῖτο,
718 2626 842 2712 τήν
870 2651 942 2694 τε
968 2627 1216 2714 μητέρα
1252 2627 1363 2695 καὶ
1406 2624 1566 2707 τούς
1610 2624 1949 2713 ἀδελφοὺς
1990 2624 2203 2695 αὐτοῦ

121 2747 172 2791 n
206 2724 619 2813 προανάγων
641 2727 746 2793 ἐπὶ
766 2731 894 2793 τοῦ
910 2730 1171 2811 τείχους
1194 2730 1287 2805 είς
1311 2722 1733 2794 εὐσύνοπτον
1760 2722 2013 2814 ᾐκίζετο
2030 2776 2049 2811 ,
2095 2726 2206 2792 καὶ

198 2830 687 2913 διακρημνιετν,
719 2821 888 2911 εἰμὴ
911 2833 1167 2893 θᾶττον
1187 2821 1623 2911 ἀπανασταίη,
1649 2828 1989 2912 διηπείλει.
2035 2823 2206 2908 πρὸς

198 2919 244 2991 ἃ
260 2921 388 2992 τὸν
415 2918 881 3009 μὲνὙρκανὸν
902 2918 1110 3008 ὀργῆς
1136 2927 1387 2991 πλείων
1408 2921 1627 3003 οἶκτος
1653 2919 1857 3012 εἰσῄει
1894 2925 2003 2989 καὶ
2033 2923 2203 3008 δέος,

196 3019 240 3107 ἡ
282 3019 359 3090 δὲ
396 3018 614 3106 μήτηρ
652 3016 857 3087 οὐδὲν
880 3017 1040 3089 οὔτε
1082 3019 1254 3103 πρὸς
1293 3021 1412 3102 τὰς
1451 3022 1666 3101 αἰκίας
1694 3018 1852 3088 οὔτε
1884 3017 2051 3106 πρὸς
2084 3019 2238 3088 τὸν.

199 3118 696 3207 ἀπειλούμενον
739 3116 912 3209 αὐτῇ
950 3119 1260 3189 θάνατον
1302 3121 1665 3188 ἐνδιδοῦσα
1703 3131 1926 3205 χεῖρας
1968 3116 2202 3206 ὤρεγε,

121 3242 172 3285 ει
202 3221 314 3289 καὶ
353 3218 818 3306 κατηντιβόλει
852 3216 976 3287 τὸν
1011 3223 1216 3287 παῖδα
1261 3216 1353 3305 μὴ
1394 3216 1562 3302 πρὸς
1592 3216 1717 3305 τὴν
1759 3214 1965 3304 αὐτῆς
1998 3216 2205 3305 ὕβριν

201 3319 695 3387 ἐπικλασθέντα
738 3322 1102 3402 φείσασθαι
1149 3323 1275 3385 τοῦ
1311 3321 1718 3404 δυσσεβοῦς,
1774 3312 1866 3397 ὥς
1919 3314 2089 3406 αὐτῇ
2128 3342 2206 3403 γε

202 3423 550 3504 κρείττονα
569 3413 694 3484 τὸν
728 3416 802 3484 ἐκ
819 3423 1243 3504 Πτολεμαίου
1258 3418 1579 3493 ,θάνατον
1609 3412 1981 3496 ἀθανασίας
2011 3414 2205 3502 εἶναι,
