2450 3875
308 186 428 248 164
739 188 907 250 ΤΟΥ
935 187 1417 248 ΙΟΥΔΑΙΚΟΤ
1445 187 1887 248 ΠΟΛΕΜΟΥ

301 348 438 437 μὰν
464 346 1162 436 καλουμένηνκώμην,
1200 343 1346 434 ἥτις
1387 347 1462 416 ἐν
1495 352 1588 438 τῷ
1620 349 1886 438 μεγάλῳ
1917 351 2124 439 πεδίῳ
2160 358 2289 415 κεῖ-

300 474 409 515 ται
434 454 552 534 τῆς
573 450 1086 534 Σαμαρείτιδος,
1130 451 1403 515 πολλῶν
1434 442 1943 535 ἀναβαινόντων
1958 444 2290 515 Ἰουδαίων

305 547 415 616 ἐπὶ
444 544 568 633 τὴν
617 545 857 632 ἑορτὴν
888 543 1264 632 ’ἀναιρεῖταί
1307 539 1407 625 τις
1440 550 1806 625 Γαλιλαῖος.
1894 542 2285 631 πρόςτοῦτο

303 653 600 714 πλεῖστοι
641 646 766 731 μὲν
820 646 894 713 ἐκ
933 649 1051 731 τῆς
1090 648 1452 723 Γαλιλαίας
1492 644 1920 729 συνέδραμον
1967 640 2060 724 ῶς
2096 651 2290 712 πολε-

300 745 627 830 μήσοντες
660 755 797 824 τοῖς
818 747 1276 830 Σαμαρεῦσιν,
1322 744 1392 808 οἱ
1430 738 1759 827 γνώριμοι
1799 741 1872 809 δὲ
1916 738 2144 811 αὐτῶν
2187 744 2289 811 ἐλ-
2317 770 2344 809 ε

303 842 547 920 θόντες
567 839 736 924 πρὸς
758 840 1129 927 Κούμανον
1153 835 1565 927 ἠντιβόλουν
1586 839 1746 924 πρὶν
1774 835 2146 925 ἀνηκέστου
2168 840 2292 907 πά-

298 947 475 1018 θους
517 943 608 1019 εἰς
650 936 775 1025 τὴν
822 941 1186 1007 Γαλιλαίαν
1225 935 1552 1024 διαβάντα
1590 937 2096 1025 τιμωρήσασθαι
2139 935 2293 1018 τοῦς

303 1041 558 1118 αἰτίους
599 1044 722 1105 τοῦ
768 1037 1021 1125 φόνου·
1069 1036 1295 1123 μόνως
1337 1034 1467 1123 γὰρ
1505 1032 1594 1104 ἂν
1635 1034 1852 1116 οὕτως
1888 1040 2292 1123 διαλυθῆναι

254 1209 259 1216 ,
297 1134 771 1223 πρὸπολέμον
811 1133 885 1204 τὸ
932 1141 1212 1222 πλῆθος.
1277 1133 1639 1221 Κούμανος
1680 1137 1805 1222 μὲν
1847 1127 1978 1203 οὖν
2016 1137 2092 1203 ἐν
2135 1139 2292 1204 δευ-

300 1237 470 1325 τέρῳ
521 1232 639 1314 τὰς
695 1236 973 1303 ἐκείνων
1030 1238 1280 1314 ἱκεσίας
1331 1240 1469 1302 τῶν
1519 1234 1594 1301 ἐν
1648 1235 1834 1320 χερσὶ
1885 1233 2289 1321 πραγμάτων
2327 1263 2370 1303 ιο

236 1352 274 1405 4
298 1337 585 1421 θέμενος
605 1331 989 1418 ἀπράκτους
1015 1330 1363 1419 ἀπέπεμψε
1389 1330 1552 1412 τοῦς
1573 1334 1822 1420 ἱκέτας,
1866 1329 2199 1420 ἀγγελθὲν
2221 1334 2293 1401 δὲ

298 1430 374 1500 τὸ
419 1432 639 1513 πάθος
680 1438 774 1513 είς
805 1430 1234 1520 Ἱεροσόλυμα
1273 1436 1398 1500 τοῦ
1433 1432 1944 1519 πεφονευμένου
1963 1435 2045 1502 τὰ
2068 1432 2292 1521 πλήθη

298 1531 733 1620 συνετάραξε,
774 1533 886 1602 καὶ
917 1540 1035 1619 τῆς
1069 1534 1302 1620 ἑορτῆς
1340 1528 1661 1619 ἀφέμενοι
1704 1529 1872 1619 πρὸς
1915 1533 2040 1620 τὴν
2060 1535 2297 1620 Σαμά-

298 1655 491 1714 ρειαν
514 1628 902 1717 ἐξώρμησαν
929 1628 1416 1718 ἀστρατήγητοι
1456 1630 1569 1697 καὶ
1606 1631 1842 1716 μηδενὶ
1870 1634 2008 1698 τῶν
2048 1627 2296 1717 ἀρχόν-

297 1755 434 1799 των
478 1733 819 1816 κατέχοντι
865 1728 1285 1817 πειθόμενοι.
1372 1735 1498 1798 τοῦ
1541 1734 1903 1817 λῃστρικοῦ
1946 1731 2021 1799 δὲ
2062 1727 2291 1799 αὐτῶν
2331 1751 2376 1793 ιε

18 1887 25 1896 ,
160 1917 168 1931 α
274 1819 408 1898 ὶκαὶ
440 1829 853 1909 στασιώδους
874 1834 1200 1898 Δειναίου
1230 1854 1332 1910 τις
1371 1826 1520 1909 υἱὸς
1555 1824 1931 1913 Ἐλεάζαρος
1971 1831 2083 1897 καὶ
2114 1826 2299 1900 Ἀλέ-

296 1932 582 2013 ξανδρος
632 1929 951 2015 ἐξῆρχον,
1008 1932 1077 1996 οἳ
1124 1941 1264 2010 τοῖς
1320 1923 1595 2015 ὁμόροις
1647 1933 1765 2014 τῆς
1806 1923 2298 2018 Ἀκραβατηνῆς

294 2035 654 2112 τοπαρχίας
695 2023 1190 2109 προσπεσόντες
1235 2022 1484 2106 αύτούς
1512 2051 1585 2094 τε
1629 2022 1933 2114 ἀνῄρουν
1973 2030 2299 2115 μηδεμιᾶς

293 2121 553 2210 ἡλικίας
593 2120 805 2207 φειδῶ
845 2124 1274 2211 ποιούμενοι,
1314 2124 1426 2192 καὶ
1458 2121 1574 2203 τὰς
1613 2124 1840 2211 κώμας
1875 2121 2298 2212 ἀνεπίμπρα-

236 2247 270 2299 5
297 2244 446 2290 σαν.
536 2218 899 2306 Κούμανος
961 2219 1037 2290 δὲ
1099 2218 1465 2311 ἀναλαβών
1519 2219 1651 2294 ἀπὸ
1709 2229 1826 2308 τῆς
1890 2230 2296 2311 Καισαρείας
2328 2250 2381 2290 ω

296 2325 457 2407 μίαν
505 2327 657 2405 ἴλην
702 2321 959 2388 ἱππέων
996 2323 1421 2408 καλουμένην
1456 2327 1909 2409 Σεβαστηνῶν
1950 2321 2302 2411 ἐξεβοήθει

294 2431 434 2498 τοῖς
458 2419 988 2505 πορθουμένοις,
1032 2419 1145 2487 καὶ
1180 2425 1321 2488 τῶν
1359 2419 1511 2505 περὶ
1551 2416 1673 2488 τὸν
1699 2417 2087 2510 Ἐλεάζαρον
2127 2430 2304 2491 πολ-

296 2515 460 2597 λοὺς
502 2518 627 2603 μὲν
668 2519 998 2606 συνέλαβε
1043 2524 1397 2599 πλείστους
1439 2518 1514 2586 δὲ
1557 2516 1921 2589 ἀπέκτεινε.
2007 2518 2179 2608 πρὸς
2223 2521 2304 2590 δὲ

297 2618 373 2686 τὸ
417 2615 659 2686 λοιπὸν
695 2620 957 2702 πλῆθος
999 2622 1136 2684 τῶν
1172 2624 1492 2704 πολεμεῖν
1533 2631 1672 2700 τοῖς
1693 2627 2131 2708 Σαμαρεῦσιν
2159 2618 2304 2708 ὥρ-

293 2718 608 2804 μημένων
668 2719 738 2784 οἱ
774 2711 1091 2802 ἄρχοντες
1134 2722 1273 2784 τῶν
1316 2713 1799 2805 Ἱεροσολύμων
1847 2719 2302 2807 ἐκδραμόντες
2335 2743 2385 2784 2⁵

295 2817 588 2895 σάκκους
629 2812 1075 2901 ἀμπεχόμενοι
1119 2815 1231 2882 καὶ
1265 2817 1522 2901 τέφραν
1553 2823 1690 2884 τῶν
1732 2824 2047 2903 κεφαλῶν
2088 2846 2304 2888 κατα-

290 2918 554 3000 χέοντες
587 2916 891 2980 ἱκέτευον
916 2908 1324 3000 ἀναχωρεῖν,
1346 2917 1459 2981 καὶ
1494 2913 1583 3001 μὴ
1625 2912 1738 2982 διὰ
1774 2913 1900 3002 τὴν
1931 2920 2024 2998 εἰς
2055 2925 2307 3005 Σαμα-

293 3026 433 3097 ρεῖς
491 3010 759 3099 ἄμυναν
806 3011 913 3078 ἐπὶ
962 3007 1394 3100 Ἰεροσόλυμα
1445 3008 1806 3099 Ῥωμαίους
1862 3014 2304 3103 παροξύνειν,

292 3111 557 3196 ἐλεῆσαι
587 3109 662 3177 δὲ
691 3106 835 3196 τὴν,
857 3112 1144 3194 πατρίδα
1176 3108 1286 3176 καὶ
1320 3105 1442 3178 τὸν
1472 3106 1643 3177 ναὸν
1673 3112 1875 3178 τέκνα
1912 3136 1985 3180 τε
2025 3115 2138 3181 καὶ
2169 3140 2308 3199 γυ-

288 3221 522 3288 ναῖκας
545 3211 736 3294 ἰδίας,
758 3207 869 3275 καὶ
892 3203 981 3294 μὴ
1013 3205 1229 3275 πάντα
1251 3206 1683 3277 κινδυνεύειν
1704 3207 1795 3276 δι’
1822 3208 1973 3291 ἑνὸς
1987 3212 2303 3280 ἐκδικίαν
2336 3241 2385 3283 ³0

290 3310 654 3373 Γαλιλαίου
689 3307 1216 3391 παραπολέσθαι.
1297 3305 1561 3387 τούτοις
1600 3307 1992 3389 πεισθέντες
2018 3313 2089 3378 οἱ
2124 3308 2304 3380 'Iov-

292 3407 469 3468 δαῖοι
495 3400 928 3490 διελύθησαν.
1011 3404 1377 3493 ἐτράποντο
1412 3405 1485 3473 δὲ
1508 3406 1747 3475 πολλοὶ
1773 3406 1942 3496 πρὸς
1973 3415 2302 3499 λῃστείαν
