2450 3875
782 188 1078 250 ΛΟῙὈΣ
1117 188 1560 249 ΔΕΥΤΕΡΟΣ
2052 185 2174 249 205

167 356 371 420 τῶντο
404 351 683 436 ταχέως,
701 387 708 392 ·
727 350 840 416 καὶ
869 345 1026 417 οὔτε
1056 353 1393 434 γυμνῆται
1432 347 1599 429 τοὺς
1624 345 1898 429 ὁπλίτας
1926 352 2175 416 συστά-

166 441 290 535 δηῦ
326 454 608 536 ἔφερον,
662 445 821 516 οὔτε
861 451 939 514 ἐν
982 453 1065 535 τῇ
1096 453 1312 536 τροπῇ
1350 445 1511 528 τοῦς
1556 451 1777 527 ἱππεῖς
1823 449 2172 534 ἐξέφυγον,

167 544 332 613 ὅστε
362 544 635 630 ὀλίγους
655 546 780 631 μὲν
807 547 882 610 ἐν
902 558 1044 622 ταῖς
1072 549 1472 630 δυσχωρίαις
1498 549 1871 633 διαλαθεῖν,
1902 543 2174 630 ἀναιρε-

164 650 368 730 θῆναι
402 644 476 711 δὲ
498 641 670 728 ὑπὲρ
705 647 1087 728 δισχιλίους.

108 765 138 802 5
332 746 589 822 Γάλλος
618 741 743 829 μὲν
775 735 904 809 οὖν
934 737 1027 821 ὥς
1065 738 1274 809 οὐδὲν
1322 744 1417 809 ἔτι
1470 740 1644 826 ἑώρα
1672 742 1840 810 κατὰ
1879 742 2004 828 τὴν
2032 750 2169 811 Γα-
2195 745 2275 808 19

165 845 426 907 λιλαίαν
464 839 1058 925 νεωτεριζόμενον,
1101 834 1484 924 ὑπέστρεφε
1526 840 1687 924 μετὰ
1715 845 1832 925 τῆς
1868 846 2177 925 στρατιᾶς

167 942 258 1017 εἰς
295 935 739 1021 Καισάρειαν·
785 940 1067 1016 Κέστιος
1109 936 1183 1004 δὲ
1225 934 1390 1022 μετὰ
1431 934 1645 1023 πάσης
1682 945 1798 1024 τῆς
1827 938 2176 1025 δυνάμεως

167 1033 526 1116 ἀναζεύξας
562 1037 877 1123 ἐνέβαλεν
911 1041 1004 1115 εἰς
1023 1032 1526 1121 Ἀντιπατρίδα,
1554 1038 1663 1103 καὶ
1687 1037 2077 1121 πυθόμενος
2101 1041 2177 1103 έν

166 1159 297 1202 τινι
321 1135 562 1223 πύργῳ
585 1130 876 1219 Ἀφεκοῦ
898 1136 1292 1223 καλουμένῳ
1314 1143 1816 1220 συνηθροῖσθαι
1835 1132 2176 1202 Ἰουδαίων

83 1258 136 1298 ιο
166 1231 458 1317 δύναμιν
494 1228 624 1301 οὐκ
659 1228 928 1318 ὀλίγην,
995 1232 1395 1319 προύπεμψε
1442 1231 1602 1312 τούς
1642 1239 2172 1320 συμβαλοῦντας.

167 1335 237 1397 οἳ
261 1332 372 1415 δέ,
411 1329 572 1413 πρὶν
601 1334 694 1410 εἰς
726 1343 947 1417 χεῖρας
976 1332 1237 1417 ἐλθεῖν,
1283 1332 1419 1398 δέει
1449 1329 1609 1409 τούς
1641 1328 2002 1410 Ἰουδαίους
2034 1335 2174 1397 διε-

165 1429 521 1513 σκέδασαν,
553 1428 954 1508 ἐπελθόντες
976 1430 1049 1496 δὲ
1072 1433 1324 1514 ἔρημον
1344 1426 1419 1496 τό
1445 1428 1899 1514 στρατόπεδον
1925 1432 2034 1497 καὶ
2057 1426 2175 1508 τὰς

165 1530 353 1611 πέριξ
384 1528 609 1614 κω’μας
638 1530 1028 1613 ἐνέπρησαν.
1091 1525 1223 1595 ἀπὸ
1265 1529 1488 1613 δὲτῆς
1512 1525 2008 1615 Ἀντιπατρίδος
2037 1532 2173 1597 Κέ-

159 1647 343 1706 στιος
397 1631 489 1704 εἰς
538 1625 773 1693 Λύδδα
813 1624 1174 1712 προελθών
1220 1626 1428 1713 κενὴν
1469 1623 1742 1712 ἀνδρῶν
1784 1626 1909 1714 τὴν
1970 1628 2172 1696 πόλιν

77 1747 129 1789 ιε
165 1724 690 1811 καταλαμβάνει·
752 1728 866 1791 διὰ
912 1722 1042 1811 γὰρ
1102 1724 1227 1812 τὴν
1271 1734 1386 1811 τῆς
1438 1731 1889 1812 σκηνοπηγίας
1933 1724 2172 1812 ἑορτὴν
2272 1717 2285 1730 “

160 1821 565 1911 ἀναβεβήκει
615 1831 751 1889 πᾶν
810 1821 884 1889 τὸ
938 1827 1203 1907 πλῆθος
1259 1828 1352 1903 εἰς
1393 1820 1839 1911 Ἱεροσόλυμα.
1924 1825 2173 1909 πεντή-

158 1950 368 1992 κοντα
404 1925 478 1993 δὲ
522 1928 661 1991 ταῖν
713 1922 1250 2008 παραφανέντων
1295 1925 1698 2009 διαφθείρας
1736 1925 1854 1990 καὶ
1885 1919 1961 1990 τὸ
2002 1918 2174 1989 ἄστυ

158 2024 586 2103 κατακαύσας
637 2020 869 2107 ἐχώρει
922 2020 1187 2109 πρόσω,
1255 2022 1368 2090 καὶ
1415 2021 1528 2091 διὰ
1576 2029 1954 2110 Βαιθωρῶν
2006 2020 2176 2090 ἀνα-

158 2121 288 2212 βὰς
342 2119 940 2207 στρατοπεδεύεται
980 2117 1147 2186 κατά
1192 2145 1346 2187 τινα
1385 2126 1605 2206 χῶρον
1637 2119 1880 2207 Γαβαῶ
1923 2122 2176 2189 καλού-

72 2242 129 2282 2⁰
160 2247 410 2310 μενον,
470 2218 801 2306 ἀπέχοντα
845 2225 984 2288 τῶν
1032 2216 1514 2306 Ἱεροσολύμων
1559 2219 1974 2307 πεντήκοντα
2012 2241 2174 2289 στα-

157 2326 371 2401 δίους.

331 2423 402 2487 οί
428 2421 503 2488 δὲ
525 2416 838 2487 Ἰουδαῖοι
879 2416 1267 2499 κατιδόντες
1295 2414 1425 2505 ἤδη
1460 2421 1903 2506 πλησιάζοντα
1930 2425 2013 2510 τῇ
2045 2442 2171 2506 μη-
2206 2441 2243 2492 2

157 2516 476 2600 τροπόλει
517 2515 640 2585 τόν
683 2517 1013 2603 πόλεμον,
1062 2514 1389 2602 ἀφέμενοι
1433 2523 1550 2603 τῆς
1593 2518 1827 2603 ἑορτῆς
1873 2517 2173 2604 ἐχώρουν

158 2617 274 2683 ἐπὶ
305 2613 385 2681 τὰ
421 2614 626 2702 ὅπλα,
673 2617 785 2684 καὶ
823 2618 992 2701 μέγα
1033 2622 1126 2707 τῷ
1153 2616 1404 2703 πλήθει
1436 2623 1858 2702 θαρροῦντες
1903 2614 2173 2684 ἄτακτοι

65 2736 120 2778 π
158 2718 271 2783 καὶ
320 2717 484 2801 μετὰ
527 2722 826 2803 κραυγῆς
863 2715 1204 2802 ἐξεπήδων
1247 2717 1355 2783 ἐπὶ
1392 2715 1518 2802 τὴν
1556 2715 1808 2803 μάχην,
1849 2717 2019 2803 μηδὲ
2060 2721 2177 2801 τῆς

153 2811 374 2899 ἀργῆς
407 2813 777 2900 ἑβδομάδος
821 2818 1097 2881 ἔννοιαν
1128 2813 1478 2901 λαβόντες·
1522 2807 1610 2901 ἦν
1641 2813 1767 2900 γὰρ
1801 2813 1884 2900 δὴ
1925 2809 1999 2880 τό
2045 2813 2179 2899 μά-

153 2921 353 2981 λιστα
388 2910 545 2995 παρ’
587 2910 818 2994 αὐτοῖς
845 2911 1400 3000 θρησκευόμενον
1442 2913 1802 3001 σάββατον.
1877 2909 1914 2981 ὁ
1960 2913 2031 2981 δὲ
2062 2914 2175 2980 ἐκ-

148 3016 385 3090 σείσας
437 3006 688 3090 αύτοὺς
736 3019 853 3098 τῆς
905 3010 1247 3099 εὐσεβείας
1292 3009 1517 3097 θυμὸς
1566 3012 1833 3096 ἐποίησε
1895 3018 2177 3077 πλεονε-

148 3116 397 3196 κτῆσαι
429 3113 541 3177 καὶ
567 3108 734 3177 κατὰ
764 3108 890 3195 τὴν
915 3109 1153 3197 μάχην.
1226 3108 1393 3195 μετὰ
1419 3107 1730 3194 τοιαύτης
1763 3114 1934 3193 γοῦν
1962 3103 2171 3195 ὁρμῆς

55 3230 114 3270 ³⁰
150 3223 299 3289 τοῖς
351 3205 691 3293 Ῥωμαίοις
749 3210 1167 3292 προσέπεσον
1224 3204 1315 3286 ὥς
1376 3210 1721 3291 διαρρῆξαι
1784 3201 1902 3285 τὰς
1957 3205 2171 3285 τάξεις

147 3305 387 3373 αὐτῶν
424 3306 536 3375 καὶ
583 3304 696 3373 διά
746 3307 970 3391 μέσων·
1009 3318 1252 3392 χωρεῖν
1292 3301 1756 3390 ἀναιροῦντας.
1840 3310 1903 3373 εί
1952 3305 2025 3372 δὲ
2079 3304 2168 3392 μὴ

144 3410 248 3495 τῷ
273 3406 680 3490 χαλασθέντι
711 3410 827 3492 τῆς
862 3405 1208 3492 φάλαγγος
1235 3409 1307 3474 οἵ
1329 3428 1399 3473 τε
1430 3409 1649 3487 ἱππεῖς
1681 3405 2163 3491 ἐκπεριελθόν-
