2450 3875
713 198 991 257 CONTRA
1030 198 1343 257 Arionem
1391 199 1516 260 Lm.
1549 200 1620 257 11.
2047 194 2174 258 235

163 379 278 443 qne
318 362 635 442 legitimum
666 371 775 424 est.
843 380 960 424 non
1001 363 1152 424 enim
1192 362 1512 423 honeribus
1549 364 1793 442 gratiam
1833 362 2048 424 habent
2077 366 2175 446 qui

162 480 241 523 ex
263 462 618 523 necessitate
649 461 999 524 etviolentia
1030 461 1421 522 conferuntur.
1468 461 1710 524 Graecis
1735 464 1928 541 itaque
1959 470 2018 521 et
2047 462 2176 521 aliis

164 557 507 639 quibusdam
539 558 751 623 bonnm
769 575 916 621 *esse
949 559 1204 620 creditur
1231 559 1515 638 imagines
1543 561 1865 622 instituere.
1925 559 2173 639 deniqne
2285 589 2290 596 ·

163 669 225 722 et
247 668 471 738 patrum
498 668 557 719 et
583 676 827 727 uxorum
851 659 1444 739 filiorumquefiguras
1461 660 1845 741 depingentes
1862 658 2175 734 exsultant,

113 774 141 816 s
169 756 401 838 quidam
427 775 573 819 vero
602 760 773 820 etiarn
804 758 943 819 nihil
981 759 1093 824 sihi
1127 759 1580 839 competentium
1614 769 1839 822 sumunt
1874 759 2172 837 imagines.
2208 801 2215 820 .

163 854 261 916 alii
290 872 435 918 vcro
480 864 540 916 et
578 873 787 917 servos
816 855 1129 933 diligentes
1159 854 1275 916 hoc
1332 855 1565 917 faciunt.
1624 856 1760 937 quid
1795 873 1941 934 ergo
1980 856 2180 917 mirum

164 965 258 1018 est
299 956 347 1016 si
391 956 565 1018 etiam
601 956 958 1038 principibus
988 973 1059 1017 ac
1086 956 1333 1018 dominis
1367 955 1530 1018 hunc
1567 956 1856 1018 honorem
1882 954 2172 1035 praebere

162 1051 510 1118 videantur?
540 1064 941 1133 porroautcm
972 1054 1300 1133 legislator,
1330 1072 1444 1116 non
1473 1055 1640 1134 quasi
1676 1054 2036 1135 prophetans
2051 1053 2169 1115 Ro·
2219 1109 2226 1118 .

160 1169 459 1214 manorum
502 1154 814 1234 potentiam
859 1169 971 1214 non
1006 1152 1435 1230 honorandam,
1479 1153 1587 1214 sed
1627 1162 1897 1233 tanquam
1940 1167 2172 1215 causam

84 1269 136 1309 ιο
164 1270 357 1332 neque
399 1251 516 1313 deo
562 1270 753 1332 neque
783 1252 1105 1315 hominibus
1135 1253 1333 1315 utilem
1363 1252 1738 1333 despiciens,
1801 1263 1863 1316 et
1903 1251 2173 1333 quoniam
2293 1293 2303 1303 ·

165 1351 342 1412 totins
366 1351 629 1428 animati,
660 1350 839 1413 multo
875 1353 1056 1431 magis
1087 1352 1183 1414 dei
1215 1352 1536 1428 inanimati,
1566 1349 1848 1431 probatur
1875 1350 1994 1411 hoc
2029 1349 2173 1410 infe-

161 1448 306 1526 rius,
332 1449 626 1514 interdixit
646 1451 926 1529 imagines
958 1449 1271 1512 fabricare.
1315 1449 1447 1512 aliis
1478 1458 1667 1512 antem
1689 1448 2009 1511 honoribus
2037 1455 2175 1528 post

159 1548 335 1608 deum
368 1547 651 1610 colendos
689 1565 806 1609 non
836 1547 1129 1628 prohibuit
1157 1547 1315 1607 viros
1346 1546 1568 1623 bonos,
1607 1547 1814 1630 quibus
1845 1541 1960 1607 nos
1978 1556 2042 1610 et
2070 1548 2169 1606 im·

161 1653 471 1725 peratores
509 1654 570 1706 et
600 1647 877 1726 populum
915 1645 1234 1708 Romanum
1265 1644 1636 1722 dignitatibus
1666 1644 2022 1725 ampliamus.
2086 1644 2170 1706 fa·

72 1762 126 1804 15
167 1742 349 1802 cimus
380 1751 577 1806 autem
603 1759 714 1822 pro
755 1744 843 1805 eis
884 1744 1154 1804 continua
1181 1742 1498 1812 sacrificiu
1541 1751 1601 1802 et
1646 1760 1762 1803 non
1808 1743 1998 1802 solnm
2027 1759 2171 1823 quo-

161 1839 396 1902 tidianis
426 1839 631 1928 diebus
670 1860 749 1924 ως
775 1843 1035 1921 impensa
1066 1839 1351 1904 communi
1383 1840 1630 1899 omnium
1652 1839 2004 1901 ludaeorum
2035 1841 2171 1903 talia

162 1938 555 2017 celebramus,
589 1960 788 2005 verum
823 1941 993 2022 quum
1018 1939 1207 2001 nullas
1235 1938 1378 2000 alias
1411 1939 1631 1999 'estin
1663 1956 1739 2000 ex
1763 1940 2047 2000 communi
2076 1957 2173 2000 ne·

160 2058 277 2121 qne
309 2059 418 2120 pro
449 2041 582 2103 liliis
613 2061 996 2123 peragamus,
1044 2041 1190 2102 solis
1231 2039 1677 2123 imperatoribus
1706 2037 1856 2100 hunc
1894 2038 2177 2099 honorem

158 2140 539 2222 praecipuum
573 2143 792 2223 pariter
820 2141 1200 2218 exhibemus,
1237 2156 1408 2219 quem
1440 2139 1729 2200 hominum
1769 2138 1908 2199 nulli
1947 2136 2175 2218 persol-

72 2258 128 2299 ω
164 2242 368 2303 vimus.
416 2241 567 2304 haec
594 2243 788 2323 itaque
816 2243 1194 2304 communiter
1223 2239 1544 2302 satisfactio
1570 2242 1760 2319 posita
1788 2239 1864 2300 sit
1889 2239 2174 2305 adversus

165 2337 452 2420 Apionem
480 2358 590 2422 pro
619 2341 710 2403 his
737 2360 889 2422 qnae
922 2342 995 2403 de
1020 2339 1377 2402 Alexandria
1404 2338 1559 2400 dicta
1586 2348 1738 2400 sunt.

331 2437 583 2499 admiror
635 2449 826 2501 autem
870 2441 1044 2503 etiam
1094 2457 1203 2501 eos
1248 2440 1345 2520 qui
1403 2439 1462 2501 ei
1520 2439 1846 2516 hujusmodi
1907 2439 2166 2499 fomitem
2209 2443 2240 2497 7

158 2534 516 2616 praebuere,
548 2538 607 2601 id
632 2547 721 2599 est
735 2539 1105 2603 Posidonium
1137 2537 1585 2621 etApollonium
1601 2536 1873 2614 Molonis,
1904 2538 2174 2616 quoniam

163 2645 446 2701 accusant
464 2635 695 2715 quidem
723 2654 866 2713 nos,
911 2657 1092 2718 quare
1124 2654 1248 2699 sios
1290 2636 1536 2701 eosdem
1562 2635 1708 2697 deos
1740 2654 1868 2697 cum
1897 2636 2025 2697 aliis
2057 2652 2174 2696 non

68 2748 125 2790 ss
167 2734 435 2797 colimus.
512 2736 857 2797 mentientes
911 2747 1101 2800 antem
1158 2739 1411 2819 pariter,
1475 2745 1536 2798 et
1590 2736 1665 2797 de
1708 2745 1908 2797 nostro
1951 2732 2172 2816 templo

155 2832 554 2914 blasphemias
586 2844 1015 2914 componentes„
1048 2839 1434 2915 incongruas,
1486 2853 1602 2898 non
1642 2853 1714 2896 se
1741 2843 1943 2915 putant
1995 2833 2170 2915 impie

156 2947 380 3009 agere,
427 2947 598 3008 quum
641 2932 717 2991 sit
754 2928 928 2994 valde
976 2936 1366 3013 turpissimum
1410 2932 1612 2995 liberis
1645 2932 1903 3013 qnalibet
1944 2932 2168 2994 ratione

156 3027 421 3105 mentiri,
451 3026 631 3089 multo
661 3030 847 3108 magis
877 3031 950 3095 de
982 3034 1200 3112 templo
1232 3032 1387 3113 apud
1422 3039 1665 3094 cunctos
1696 3030 1957 3104 homines
1986 3029 2165 3090 nomi·

156 3137 332 3205 nato,
377 3135 533 3190 tanta
572 3129 877 3191 sanctitate
914 3131 1195 3211 pollente.
1267 3132 1323 3191 in
1352 3131 1468 3192 hoc
1497 3130 1646 3192 enim
1684 3129 1941 3191 sacrario
1976 3128 2174 3206 Apion

65 3247 123 3290 ao
159 3228 549 3308 praesumpsit
580 3228 819 3290 edicere
842 3231 983 3291 asini
1014 3240 1188 3311 caput
1217 3230 1556 3293 collocasse
1583 3229 1863 3306 Iudaeos,
1897 3235 1956 3288 et
1983 3226 2048 3287 id
2068 3242 2168 3286 co-

157 3326 287 3397 lere
317 3343 389 3387 ac
416 3325 647 3404 dignum
680 3325 880 3389 facere
910 3337 1064 3391 tanta
1107 3329 1430 3407 religione;
1462 3337 1522 3389 et
1552 3326 1667 3388 hoc
1702 3326 1946 3387 affirmat
1985 3324 2168 3384 fuisse

154 3425 509 3505 depalatum,
537 3425 667 3489 dum
679 3426 1352 3509 AntiochusEpiphanes
1385 3437 1445 3491 et
1465 3426 1863 3507 exspoliasset
1891 3422 2168 3504 templum
