2450 3875
256 193 336 256 34
650 187 820 249 ΤΟΥ
854 183 1332 248 ΙΟΥΔΑΙΚΟΥ
1369 181 1806 246 ΠΟΛΕΜΟΥ

186 380 222 436 6
421 347 567 440 μετ’
615 345 700 418 ού
751 345 927 416 πολύ
970 372 1048 433 γε
1088 343 1224 434 μὴν
1265 342 1494 425 αὐτοῖς
1547 342 1712 432 άρχὴ
1756 350 2009 432 γίνεται
2050 341 2276 431 θορύ-

259 459 403 541 βων
425 446 934 538 Ἀριστόβουλος
955 442 1254 533 ἀποδράς
1270 447 1343 511 ἐκ
1358 441 1628 532 Ῥώμης,
1653 441 1729 524 ὃς
1755 435 1962 524 αὖθις
1982 438 2277 521 πολλοὺς

252 548 595 620 Ἰουδαίων
635 548 1059 632 ἐπισυνίστη,
1103 542 1265 623 τούς
1302 540 1426 629 μὲν
1455 544 1963 630 ἐπιθυμοῦντας
1988 546 2277 628 μεταβο-

261 658 401 736 λῆς,
430 673 590 726 τους
618 641 686 714 δ’
719 640 1119 730 ἀγαπῶντας
1148 638 1360 709 αὐτὸν
1390 641 1615 710 πάλαι.
1686 641 1797 708 καὶ
1824 638 1898 707 τὸ
1931 640 2056 727 μὲν
2085 644 2275 724 πρῶ-

260 776 381 819 τον
420 744 958 834 καταλαβόμενος
992 738 1067 810 τὸ
1096 737 1598 826 Ἀλεξάνδρειον
1628 736 2060 825 ἀνατειχίζειν
2089 740 2269 806 ἐπει·
2310 768 2343 811 5

262 855 456 939 ρᾶτο·
517 842 633 928 ὥς
658 843 732 912 δὲ
773 846 1089 932 Γαβίνιος
1132 836 1269 909 ὑπὸ
1302 841 1600 908 Σισέννα
1645 842 1756 908 καὶ
1789 836 2123 930 ’Λντωυίω
2164 838 2276 905 καὶ

261 950 594 1036 Σερειλίω
639 939 958 1029 στρατιὰν
1002 944 1298 1025 ἔπεμψεν
1328 935 1439 1007 ἐπ’
1484 937 1727 1025 αὐτόν,
1769 936 1978 1025 γνοὺς
2019 934 2275 1023 ἀνεχω-

261 1073 367 1136 ρει
416 1047 525 1114 ἐπὶ
569 1046 1119 1130 Μαχαιροῦντος,
1173 1040 1285 1107 καὶ
1334 1038 1458 1106 τὸν
1514 1037 1637 1126 μὲν
1690 1034 2022 1125 αχρηστον
2070 1033 2276 1122 οχλον

260 1144 789 1233 ἀπεφορτίσατο,
835 1139 1089 1225 μόνους
1139 1134 1206 1205 δ’
1256 1136 1537 1224 ἐπήγετο
1581 1135 1741 1219 τούς
1790 1133 2274 1224 ὡπλισμένους,

262 1270 462 1323 οντας
492 1246 585 1320 είς
612 1236 1177 1358 ὀκτακισχιλίους,
1223 1238 1300 1303 ἐν
1339 1230 1441 1315 οἷς
1472 1239 1583 1305 καὶ
1610 1235 1993 1315 Πειθόλαος
2026 1226 2112 1320 ἦν
2137 1260 2176 1302 ο
2206 1237 2276 1316 ἐξ
2317 1255 2371 1296 ιο

251 1338 735 1427 Ἱεροσολύμων
773 1331 1282 1420 υποστράτηγος
1325 1332 1787 1422 αὐτομολήσας
1821 1331 1984 1421 μετὰ
2021 1340 2274 1418 χιλίων.

250 1437 553 1526 Ῥωμαῖοι
611 1433 675 1506 δ’
736 1431 1288 1521 ἐπηκολούθουν,
1349 1436 1461 1501 καὶ
1514 1435 1878 1519 γενομένης
1937 1438 2281 1520 συμβολῆς

263 1540 452 1626 μέχρι
488 1539 742 1605 πολλοῦ
783 1533 907 1618 μὲν
950 1534 1019 1599 οἱ
1053 1532 1206 1615 περὶ
1246 1528 1369 1599 τὸν
1388 1529 1907 1620 Ἀριστόβουλον
1936 1532 2283 1616 διεκαρτέ-

265 1664 437 1725 ρουν
466 1638 789 1722 γενναίως
831 1628 1346 1716 ἀγωνιζόμενοι,
1384 1632 1571 1712 τέλος
1610 1632 1684 1699 δὲ
1714 1634 2108 1721 βιασθέντες
2138 1627 2276 1698 ὑπὸ

263 1764 400 1807 των
416 1733 754 1823 Ῥωμαίων
779 1737 1094 1800 πίπτουσι
1121 1729 1249 1815 μὲν
1278 1735 1816 1816 πεντακισχίλιοι,
1846 1733 1997 1816 περὶ
2027 1730 2101 1797 δὲ
2124 1732 2279 1797 δισ-
2322 1753 2373 1794 ιι

262 1843 517 1925 χιλίους
559 1830 907 1918 ανέφυγον
948 1835 1044 1906 είς
1082 1852 1235 1895 τινα
1270 1829 1509 1912 λόφον.
1598 1831 1668 1895 οἱ
1705 1829 1778 1896 δὲ
1820 1830 2044 1897 λοιποὶ
2077 1833 2281 1914 χίλιοι

264 1934 398 2005 σὺν
417 1928 939 2021 Ἀριστοβούλῳ,
984 1922 1431 2006 διακόψαντες
1462 1919 1590 2010 τὴν
1622 1924 1936 2012 φάλαγγα
1966 1931 2102 1993 τῶν
2120 1922 2285 1994 Ῥω-

264 2042 514 2151 μαίων,
525 2034 639 2111 εἰς
669 2031 1157 2113 Μαχαιροῦντα
1198 2025 1749 2092 συνελαύνονται.
1838 2028 2011 2093 ἔνθα
2039 2023 2122 2112 δη
2151 2025 2285 2113 τὴν

264 2133 541 2219 πρωτην
568 2120 915 2212 ἑσπέραν*
884 2151 922 2192 ο
961 2120 1282 2211 βασιλεὺς
1320 2135 1456 2203 τοις
1497 2124 1811 2207 ἐρειπίοις
1840 2125 2283 2210 ἐναυλισάμε-

264 2260 383 2312 νος
434 2234 509 2298 ἐν
562 2229 778 2296 ἐλπίσι
828 2224 952 2311 μὲν
1008 2214 1094 2309 ἦν
1148 2219 1362 2309 αλλην
1422 2229 1906 2308 συναθροίσειν
1959 2223 2378 2312 δύναμιν,πο

266 2329 519 2451 ἀνοχὴν
557 2331 680 2395 τοῦ
722 2325 1018 2408 πολέμου
1057 2322 1400 2407 διδόντος,
1443 2321 1555 2389 καὶ
1582 2319 1658 2390 τὸ
1689 2321 2030 2409 φρούριον
2059 2349 2287 2408 κακως

267 2426 571 2514 ωχύρου,
623 2416 1151 2509 προσπεσόντων
1203 2420 1280 2486 δὲ
1319 2414 1657 2506 Ῥωμαίων
1703 2420 1811 2488 ἐπὶ
1860 2418 1987 2488 δύο
2030 2417 2287 2509 ἡμέρας

267 2522 599 2611 ἀντισχων
626 2517 800 2604 υπὲρ
830 2520 1124 2603 δύναμιν
1152 2513 1526 2605 ἁλίσκεται,
1571 2518 1682 2586 καὶ
1710 2514 1856 2606 μετ’
1886 2514 2284 2607 Ἀντιγόνου

264 2633 392 2696 τοῦ
422 2622 692 2708 παιδός,
735 2646 809 2701 ος
838 2615 969 2691 ἀπὸ
990 2615 1241 2705 Ρώμης
1275 2621 1459 2708 αὐτῷ
1487 2621 1909 2707 συναπέδρα,
1939 2622 2287 2710 δεσμώτης

267 2727 376 2795 ἐπὶ
403 2727 726 2812 Γαβίνιον
769 2715 1063 2806 ἀνήχθη,
1107 2719 1218 2785 καὶ
1248 2715 1378 2785 ἀπὸ
1411 2723 1739 2806 Γαβινίου
1773 2716 1979 2787 πάλιν
2008 2723 2101 2800 εἰς
2120 2716 2281 2788 Ῥώ-
2318 2747 2373 2789 τε

268 2853 422 2916 μην.
509 2827 755 2891 τοῦτον
783 2820 909 2907 μὲν
938 2810 1068 2886 οὖν
1106 2815 1148 2905 ἡ
1191 2818 1564 2905 σύγκλητος
1605 2812 1813 2906 εἶρξε,
1852 2816 1932 2888 τά
1973 2821 2176 2889 τέκνα
2212 2819 2278 2889 δ’

268 2927 484 2995 αὐτοῦ
539 2926 772 3009 διῆγεν
828 2923 922 2999 εἰς
965 2913 1327 3005 Ἰουδαίαν,
1377 2923 1706 3007 Γαβινίου
1759 2915 1859 2988 δι’
1911 2920 2285 2989 ἐπιστολοῖν

267 3020 694 3111 δηλώσαντος
735 3022 815 3107 τῇ
850 3014 1371 3105 Ἀριστοβούλου
1411 3020 1684 3103 γυναικὶ
1728 3023 1928 3088 τοῦτο
1974 3014 2126 3087 ἀντὶ
2166 3025 2285 3106 τῆς

268 3116 700 3209 παραδόσεως
726 3142 864 3184 των
895 3114 1249 3204 ἐρυμάτων
1279 3111 1800 3203 ωμολογηκέναι.

201 3236 234 3291 7
439 3220 734 3306 Γαβινίῳ
761 3210 826 3284 δ’
863 3214 973 3284 ἐπὶ
998 3213 1328 3300 Πάρθους
1355 3211 1727 3309 ὁρμημένῳ
1754 3216 2149 3306 στρατεύειν
2174 3224 2287 3305 yt-
2317 3246 2375 3288 ω

269 3340 454 3383 νεται
495 3321 905 3401 Πτολεμαῖος
957 3314 1313 3403 ἐμπόδιον,
1366 3311 1452 3383 ὃν
1496 3312 1926 3403 ὑποστρέψας
1970 3314 2089 3385 ἄπ’
2135 3314 2285 3387 En}-

270 3413 533 3500 φράτου
568 3420 853 3502 κατῆγεν
894 3421 985 3496 είς
1019 3424 1406 3504 Αἴγυπτον,
1456 3420 1853 3507 ἐπιτηδείοις
1892 3423 1985 3501 εἰς
2017 3417 2286 3489 ἅπαντα
