<?xml version="1.0" encoding="UTF-8"?>
<!DOCTYPE html PUBLIC "-//W3C//DTD XHTML 1.0 Transitional//EN"
    "http://www.w3.org/TR/xhtml1/DTD/xhtml1-transitional.dtd">
<html xmlns="http://www.w3.org/1999/xhtml" xml:lang="en" lang="en">
 <head>
  <title>
</title>
<meta http-equiv="Content-Type" content="text/html;charset=utf-8" />
  <meta name='ocr-system' content='tesseract 3.04.00' />
  <meta name='ocr-capabilities' content='ocr_page ocr_carea ocr_par ocr_line ocrx_word'/>
</head>
<body>
  <div class='ocr_page' id='page_1' title='image "./flaviiiosephiop01bekkgoog_0382.png"; bbox 0 0 2450 3875; ppageno 0'>
   <div class='ocr_carea' id='block_1_1' title="bbox 261 147 1843 215">
    <p class='ocr_par' dir='ltr' id='par_1_1' title="bbox 261 147 1843 215">
     <span class='ocr_line' id='line_1_1' title="bbox 261 147 1843 215; baseline -0.003 0"><span class='ocrx_word' id='word_1_1' title='bbox 261 151 300 215; x_wconf 82' lang='lat'>8</span> <span class='ocrx_word' id='word_1_2' title='bbox 685 151 853 212; x_wconf 71' lang='lat' dir='ltr'><strong><em>Tor</em></strong></span> <span class='ocrx_word' id='word_1_3' title='bbox 889 149 1369 213; x_wconf 75' lang='grc' dir='ltr'><em>ΙΟΥΔΑΙΚΟΤ</em></span> <span class='ocrx_word' id='word_1_4' title='bbox 1403 147 1843 211; x_wconf 73' lang='grc' dir='ltr'><em>ΠΟΛΕΜΟΥ</em></span> 
     </span>
    </p>
   </div>
   <div class='ocr_carea' id='block_1_2' title="bbox 168 307 2389 3481">
    <p class='ocr_par' dir='ltr' id='par_1_2' title="bbox 264 307 2275 401">
     <span class='ocr_line' id='line_1_2' title="bbox 264 307 2275 401; baseline 0 -20"><span class='ocrx_word' id='word_1_5' title='bbox 264 326 404 393; x_wconf 69' lang='grc' dir='ltr'><strong><em>τοῖς</em></strong></span> <span class='ocrx_word' id='word_1_6' title='bbox 424 316 493 382; x_wconf 75' lang='grc' dir='ltr'><strong><em>οἱ</em></strong></span> <span class='ocrx_word' id='word_1_7' title='bbox 507 311 867 401; x_wconf 86' lang='grc' dir='ltr'><strong><em>τύραννοι,</em></strong></span> <span class='ocrx_word' id='word_1_8' title='bbox 908 315 1019 381; x_wconf 77' lang='grc' dir='ltr'><strong><em>καὶ</em></strong></span> <span class='ocrx_word' id='word_1_9' title='bbox 1039 312 1157 392; x_wconf 80' lang='grc' dir='ltr'><strong><em>τὰς</em></strong></span> <span class='ocrx_word' id='word_1_10' title='bbox 1177 311 1444 382; x_wconf 88' lang='grc' dir='ltr'><strong><em>τούτων</em></strong></span> <span class='ocrx_word' id='word_1_11' title='bbox 1472 308 1643 397; x_wconf 80' lang='grc' dir='ltr'><strong><em>πρὸς</em></strong></span> <span class='ocrx_word' id='word_1_12' title='bbox 1663 307 1997 399; x_wconf 76' lang='grc' dir='ltr'><strong><em>ἀλλήλους</em></strong></span> <span class='ocrx_word' id='word_1_13' title='bbox 2017 315 2275 400; x_wconf 79' lang='grc' dir='ltr'><strong><em>διαφο·</em></strong></span> 
     </span>
    </p>

    <p class='ocr_par' dir='ltr' id='par_1_3' title="bbox 168 406 2382 1590">
     <span class='ocr_line' id='line_1_3' title="bbox 168 406 2279 500; baseline -0.003 -12"><span class='ocrx_word' id='word_1_14' title='bbox 168 434 237 487; x_wconf 83' lang='grc'><strong><em>10</em></strong></span> <span class='ocrx_word' id='word_1_15' title='bbox 272 411 423 500; x_wconf 88' lang='grc' dir='ltr'><strong><em>ράς,</em></strong></span> <span class='ocrx_word' id='word_1_16' title='bbox 477 413 590 481; x_wconf 78' lang='grc' dir='ltr'><strong><em>καὶ</em></strong></span> <span class='ocrx_word' id='word_1_17' title='bbox 631 407 723 493; x_wconf 76' lang='grc' dir='ltr'><strong><em>ὥς</em></strong></span> <span class='ocrx_word' id='word_1_18' title='bbox 773 408 941 498; x_wconf 73' lang='grc' dir='ltr'><strong><em>ἄρας</em></strong></span> <span class='ocrx_word' id='word_1_19' title='bbox 975 408 1109 481; x_wconf 81' lang='grc' dir='ltr'><strong><em>ἀπὸ</em></strong></span> <span class='ocrx_word' id='word_1_20' title='bbox 1139 417 1273 498; x_wconf 73' lang='grc' dir='ltr'><strong><em>,τῆς</em></strong></span> <span class='ocrx_word' id='word_1_21' title='bbox 1309 406 1905 497; x_wconf 66' lang='grc' dir='ltr'><strong><em>ΑὔγύπτουΤίτος</em></strong></span> <span class='ocrx_word' id='word_1_22' title='bbox 1944 412 2279 498; x_wconf 83' lang='grc' dir='ltr'><strong><em>δεύτερον</em></strong></span> 
     </span>
     <span class='ocr_line' id='line_1_4' title="bbox 270 508 2276 601; baseline -0.001 -20"><span class='ocrx_word' id='word_1_23' title='bbox 270 516 365 593; x_wconf 76' lang='grc' dir='ltr'><strong><em>εἰς</em></strong></span> <span class='ocrx_word' id='word_1_24' title='bbox 391 511 518 598; x_wconf 85' lang='grc' dir='ltr'><strong><em>τὴν</em></strong></span> <span class='ocrx_word' id='word_1_25' title='bbox 537 514 765 599; x_wconf 72' lang='grc' dir='ltr'><strong><em>χώραν</em></strong></span> <span class='ocrx_word' id='word_1_26' title='bbox 793 515 1131 601; x_wconf 78' lang='grc' dir='ltr'><strong><em>ἐνέβαλεν,</em></strong></span> <span class='ocrx_word' id='word_1_27' title='bbox 1166 509 1353 592; x_wconf 81' lang='grc' dir='ltr'><strong><em>ὅπως</em></strong></span> <span class='ocrx_word' id='word_1_28' title='bbox 1372 536 1446 580; x_wconf 89' lang='grc' dir='ltr'><strong><em>τε</em></strong></span> <span class='ocrx_word' id='word_1_29' title='bbox 1475 509 1592 592; x_wconf 85' lang='grc' dir='ltr'><strong><em>τάς</em></strong></span> <span class='ocrx_word' id='word_1_30' title='bbox 1614 512 1938 600; x_wconf 85' lang='grc' dir='ltr'><strong><em>δυνάμεις</em></strong></span> <span class='ocrx_word' id='word_1_31' title='bbox 1957 515 2071 580; x_wconf 86' lang='grc' dir='ltr'><strong><em>καὶ</em></strong></span> <span class='ocrx_word' id='word_1_32' title='bbox 2091 508 2276 580; x_wconf 75' lang='grc' dir='ltr'><strong><em>ὅπου</em></strong></span> 
     </span>
     <span class='ocr_line' id='line_1_5' title="bbox 268 607 2282 700; baseline -0 -21"><span class='ocrx_word' id='word_1_33' title='bbox 268 613 381 679; x_wconf 86' lang='grc' dir='ltr'><strong><em>καὶ</em></strong></span> <span class='ocrx_word' id='word_1_34' title='bbox 403 614 616 693; x_wconf 81' lang='grc' dir='ltr'><strong><em>πόσας</em></strong></span> <span class='ocrx_word' id='word_1_35' title='bbox 658 611 1040 700; x_wconf 78' lang='grc' dir='ltr'><em>συνήγαγε,</em></span> <span class='ocrx_word' id='word_1_36' title='bbox 1075 613 1189 680; x_wconf 80' lang='grc' dir='ltr'><strong><em>καὶ</em></strong></span> <span class='ocrx_word' id='word_1_37' title='bbox 1220 607 1406 691; x_wconf 81' lang='grc' dir='ltr'><strong><em>ὅπως</em></strong></span> <span class='ocrx_word' id='word_1_38' title='bbox 1439 611 1515 678; x_wconf 78' lang='grc' dir='ltr'><strong><em>ἐκ</em></strong></span> <span class='ocrx_word' id='word_1_39' title='bbox 1537 615 1655 697; x_wconf 83' lang='grc' dir='ltr'><strong><em>τῆς</em></strong></span> <span class='ocrx_word' id='word_1_40' title='bbox 1688 610 1981 692; x_wconf 81' lang='grc' dir='ltr'><strong><em>στάσεως</em></strong></span> <span class='ocrx_word' id='word_1_41' title='bbox 2000 607 2046 697; x_wconf 82' lang='grc' dir='ltr'><em>ἡ</em></span> <span class='ocrx_word' id='word_1_42' title='bbox 2077 610 2282 689; x_wconf 79' lang='grc' dir='ltr'><strong><em>πόλις</em></strong></span> 
     </span>
     <span class='ocr_line' id='line_1_6' title="bbox 270 705 2347 800; baseline -0.001 -23"><span class='ocrx_word' id='word_1_43' title='bbox 270 711 549 778; x_wconf 85' lang='grc' dir='ltr'><strong><em>διέκειτο</em></strong></span> <span class='ocrx_word' id='word_1_44' title='bbox 572 712 908 800; x_wconf 79' lang='grc' dir='ltr'><strong><em>παρόντος</em></strong></span> <span class='ocrx_word' id='word_1_45' title='bbox 928 708 1165 797; x_wconf 78' lang='grc' dir='ltr'><strong><em>αὐτοῦ,</em></strong></span> <span class='ocrx_word' id='word_1_46' title='bbox 1198 708 1582 796; x_wconf 82' lang='grc' dir='ltr'><strong><em>προσβολάς</em></strong></span> <span class='ocrx_word' id='word_1_47' title='bbox 1610 733 1683 776; x_wconf 87' lang='grc' dir='ltr'><strong><em>τε</em></strong></span> <span class='ocrx_word' id='word_1_48' title='bbox 1716 705 1878 791; x_wconf 79' lang='grc' dir='ltr'><strong><em>ὅσας</em></strong></span> <span class='ocrx_word' id='word_1_49' title='bbox 1909 709 2275 795; x_wconf 80' lang='grc' dir='ltr'><strong><em>ἐποιήσατο</em></strong></span> <span class='ocrx_word' id='word_1_50' title='bbox 2316 728 2347 770; x_wconf 75' lang='lat'>⁵</span> 
     </span>
     <span class='ocr_line' id='line_1_7' title="bbox 271 807 2285 899; baseline 0 -23"><span class='ocrx_word' id='word_1_51' title='bbox 271 811 382 876; x_wconf 77' lang='grc' dir='ltr'><strong><em>καὶ</em></strong></span> <span class='ocrx_word' id='word_1_52' title='bbox 436 807 613 877; x_wconf 84' lang='grc' dir='ltr'><strong><em>πόσα</em></strong></span> <span class='ocrx_word' id='word_1_53' title='bbox 664 811 965 899; x_wconf 74' lang='grc' dir='ltr'><strong><em>χώματα,</em></strong></span> <span class='ocrx_word' id='word_1_54' title='bbox 1015 807 1431 898; x_wconf 72' lang='grc' dir='ltr'><strong><em>περιβόλους·</em></strong></span> <span class='ocrx_word' id='word_1_55' title='bbox 1471 833 1547 877; x_wconf 91' lang='grc' dir='ltr'><strong><em>τε</em></strong></span> <span class='ocrx_word' id='word_1_56' title='bbox 1601 814 1740 877; x_wconf 87' lang='grc' dir='ltr'><strong><em>τῶν</em></strong></span> <span class='ocrx_word' id='word_1_57' title='bbox 1786 814 1996 895; x_wconf 91' lang='grc' dir='ltr'><strong><em>τριῶν</em></strong></span> <span class='ocrx_word' id='word_1_58' title='bbox 2035 814 2285 895; x_wconf 84' lang='grc' dir='ltr'><strong><em>τειχῶν</em></strong></span> 
     </span>
     <span class='ocr_line' id='line_1_8' title="bbox 272 903 2286 996; baseline -0.001 -21"><span class='ocrx_word' id='word_1_59' title='bbox 272 910 382 975; x_wconf 82' lang='grc' dir='ltr'><strong><em>καὶ</em></strong></span> <span class='ocrx_word' id='word_1_60' title='bbox 423 906 505 974; x_wconf 83' lang='grc' dir='ltr'><strong><em>τά</em></strong></span> <span class='ocrx_word' id='word_1_61' title='bbox 548 909 755 996; x_wconf 83' lang='grc' dir='ltr'><strong><em>μέτρα</em></strong></span> <span class='ocrx_word' id='word_1_62' title='bbox 795 907 1059 978; x_wconf 88' lang='grc' dir='ltr'><strong><em>τούτων</em></strong></span> <span class='ocrx_word' id='word_1_63' title='bbox 1073 959 1095 996; x_wconf 90' lang='grc'><strong><em>,</em></strong></span> <span class='ocrx_word' id='word_1_64' title='bbox 1154 906 1282 994; x_wconf 89' lang='grc' dir='ltr'><strong><em>τήν</em></strong></span> <span class='ocrx_word' id='word_1_65' title='bbox 1316 931 1390 974; x_wconf 91' lang='grc' dir='ltr'><strong><em>τε</em></strong></span> <span class='ocrx_word' id='word_1_66' title='bbox 1438 911 1556 993; x_wconf 83' lang='grc' dir='ltr'><strong><em>τῆς</em></strong></span> <span class='ocrx_word' id='word_1_67' title='bbox 1601 906 1858 988; x_wconf 85' lang='grc' dir='ltr'><strong><em>πόλεως</em></strong></span> <span class='ocrx_word' id='word_1_68' title='bbox 1900 903 2286 993; x_wconf 81' lang='grc' dir='ltr'><strong><em>ὀχυρότητα</em></strong></span> 
     </span>
     <span class='ocr_line' id='line_1_9' title="bbox 272 1003 2285 1094; baseline 0 -21"><span class='ocrx_word' id='word_1_69' title='bbox 272 1007 383 1073; x_wconf 79' lang='grc' dir='ltr'><strong><em>καὶ</em></strong></span> <span class='ocrx_word' id='word_1_70' title='bbox 411 1012 536 1073; x_wconf 85' lang='grc' dir='ltr'><strong><em>τοῦ</em></strong></span> <span class='ocrx_word' id='word_1_71' title='bbox 550 1010 741 1093; x_wconf 71' lang='grc' dir='ltr'><strong><em>ἱεροῦ</em></strong></span> <span class='ocrx_word' id='word_1_72' title='bbox 761 1008 876 1076; x_wconf 78' lang='grc' dir='ltr'><strong><em>καὶ</em></strong></span> <span class='ocrx_word' id='word_1_73' title='bbox 904 1013 1030 1075; x_wconf 89' lang='grc' dir='ltr'><strong><em>τοῦ</em></strong></span> <span class='ocrx_word' id='word_1_74' title='bbox 1053 1012 1227 1074; x_wconf 83' lang='grc' dir='ltr'><strong><em>ναοῦ</em></strong></span> <span class='ocrx_word' id='word_1_75' title='bbox 1252 1003 1377 1092; x_wconf 81' lang='grc' dir='ltr'><strong><em>τὴν</em></strong></span> <span class='ocrx_word' id='word_1_76' title='bbox 1395 1004 1727 1094; x_wconf 83' lang='grc' dir='ltr'><strong><em>διάθεσιν,</em></strong></span> <span class='ocrx_word' id='word_1_77' title='bbox 1751 1010 1851 1076; x_wconf 76' lang='grc' dir='ltr'><strong><em>ἔτι</em></strong></span> <span class='ocrx_word' id='word_1_78' title='bbox 1873 1007 1950 1075; x_wconf 75' lang='grc' dir='ltr'><strong><em>δὲ</em></strong></span> <span class='ocrx_word' id='word_1_79' title='bbox 1974 1008 2086 1074; x_wconf 79' lang='grc' dir='ltr'><strong><em>καὶ</em></strong></span> <span class='ocrx_word' id='word_1_80' title='bbox 2112 1003 2285 1074; x_wconf 74' lang='grc' dir='ltr'><strong><em>τού-</em></strong></span> 
     </span>
     <span class='ocr_line' id='line_1_10' title="bbox 272 1102 2283 1195; baseline 0 -23"><span class='ocrx_word' id='word_1_81' title='bbox 272 1129 410 1173; x_wconf 88' lang='grc' dir='ltr'><strong><em>των</em></strong></span> <span class='ocrx_word' id='word_1_82' title='bbox 449 1107 559 1174; x_wconf 74' lang='grc' dir='ltr'><strong><em>καὶ</em></strong></span> <span class='ocrx_word' id='word_1_83' title='bbox 602 1111 730 1174; x_wconf 89' lang='grc' dir='ltr'><strong><em>τοῦ</em></strong></span> <span class='ocrx_word' id='word_1_84' title='bbox 768 1111 1006 1194; x_wconf 80' lang='grc' dir='ltr'><strong><em>βωμοῦ</em></strong></span> <span class='ocrx_word' id='word_1_85' title='bbox 1045 1102 1126 1173; x_wconf 82' lang='grc' dir='ltr'><strong><em>τά</em></strong></span> <span class='ocrx_word' id='word_1_86' title='bbox 1168 1107 1411 1191; x_wconf 85' lang='grc' dir='ltr'><strong><em>μέτρα,</em></strong></span> <span class='ocrx_word' id='word_1_87' title='bbox 1462 1103 1681 1172; x_wconf 85' lang='grc' dir='ltr'><strong><em>πάντα</em></strong></span> <span class='ocrx_word' id='word_1_88' title='bbox 1719 1103 1871 1191; x_wconf 86' lang='grc' dir='ltr'><strong><em>μετ’</em></strong></span> <span class='ocrx_word' id='word_1_89' title='bbox 1912 1103 2283 1195; x_wconf 78' lang='grc' dir='ltr'><strong><em>ἀκριβείας,</em></strong></span> 
     </span>
     <span class='ocr_line' id='line_1_11' title="bbox 275 1199 2382 1291; baseline 0 -20"><span class='ocrx_word' id='word_1_90' title='bbox 275 1207 403 1291; x_wconf 77' lang='grc' dir='ltr'><strong><em>ἔθη</em></strong></span> <span class='ocrx_word' id='word_1_91' title='bbox 436 1228 509 1271; x_wconf 89' lang='grc' dir='ltr'><strong><em>τε</em></strong></span> <span class='ocrx_word' id='word_1_92' title='bbox 551 1205 805 1291; x_wconf 78' lang='grc' dir='ltr'><strong><em>ἑορτῶν</em></strong></span> <span class='ocrx_word' id='word_1_93' title='bbox 846 1208 994 1272; x_wconf 74' lang='grc' dir='ltr'><strong><em>ἔνια</em></strong></span> <span class='ocrx_word' id='word_1_94' title='bbox 1037 1203 1149 1271; x_wconf 78' lang='grc' dir='ltr'><strong><em>καὶ</em></strong></span> <span class='ocrx_word' id='word_1_95' title='bbox 1177 1201 1297 1283; x_wconf 78' lang='grc' dir='ltr'><strong><em>τὰς</em></strong></span> <span class='ocrx_word' id='word_1_96' title='bbox 1330 1202 1494 1272; x_wconf 73' lang='grc' dir='ltr'><strong><em>ἕπτά</em></strong></span> <span class='ocrx_word' id='word_1_97' title='bbox 1534 1199 1804 1290; x_wconf 75' lang='grc' dir='ltr'><strong><em>ἁγνείας</em></strong></span> <span class='ocrx_word' id='word_1_98' title='bbox 1845 1207 1957 1273; x_wconf 78' lang='grc' dir='ltr'><strong><em>καὶ</em></strong></span> <span class='ocrx_word' id='word_1_99' title='bbox 1986 1202 2105 1284; x_wconf 79' lang='grc' dir='ltr'><strong><em>τὰς</em></strong></span> <span class='ocrx_word' id='word_1_100' title='bbox 2137 1208 2289 1272; x_wconf 89' lang='grc' dir='ltr'><strong><em>τῶν</em></strong></span> <span class='ocrx_word' id='word_1_101' title='bbox 2326 1220 2382 1263; x_wconf 85' lang='lat'><strong><em>¹⁰</em></strong></span> 
     </span>
     <span class='ocr_line' id='line_1_12' title="bbox 276 1300 2292 1391; baseline -0 -21"><span class='ocrx_word' id='word_1_102' title='bbox 276 1305 512 1389; x_wconf 79' lang='grc' dir='ltr'><strong><em>ἱερέων</em></strong></span> <span class='ocrx_word' id='word_1_103' title='bbox 565 1309 1017 1391; x_wconf 76' lang='grc' dir='ltr'><strong><em>λειτουργίας,</em></strong></span> <span class='ocrx_word' id='word_1_104' title='bbox 1069 1308 1166 1371; x_wconf 80' lang='grc' dir='ltr'><strong><em>ἔτι</em></strong></span> <span class='ocrx_word' id='word_1_105' title='bbox 1221 1301 1299 1371; x_wconf 73' lang='grc' dir='ltr'><strong><em>δὲ</em></strong></span> <span class='ocrx_word' id='word_1_106' title='bbox 1358 1300 1478 1382; x_wconf 78' lang='grc' dir='ltr'><strong><em>τὰς</em></strong></span> <span class='ocrx_word' id='word_1_107' title='bbox 1531 1304 1824 1388; x_wconf 74' lang='grc' dir='ltr'><strong><em>ἐσθῆτας</em></strong></span> <span class='ocrx_word' id='word_1_108' title='bbox 1866 1309 2004 1370; x_wconf 91' lang='grc' dir='ltr'><strong><em>τῶν</em></strong></span> <span class='ocrx_word' id='word_1_109' title='bbox 2042 1303 2292 1390; x_wconf 73' lang='grc' dir='ltr'><strong><em>ἱερέων</em></strong></span> 
     </span>
     <span class='ocr_line' id='line_1_13' title="bbox 279 1394 2292 1493; baseline -0.001 -22"><span class='ocrx_word' id='word_1_110' title='bbox 279 1405 391 1471; x_wconf 78' lang='grc' dir='ltr'><strong><em>καὶ</em></strong></span> <span class='ocrx_word' id='word_1_111' title='bbox 412 1409 537 1472; x_wconf 90' lang='grc' dir='ltr'><strong><em>τοῦ</em></strong></span> <span class='ocrx_word' id='word_1_112' title='bbox 559 1401 936 1493; x_wconf 81' lang='grc' dir='ltr'><strong><em>ἀρχιερέως,</em></strong></span> <span class='ocrx_word' id='word_1_113' title='bbox 977 1405 1088 1473; x_wconf 88' lang='grc' dir='ltr'><strong><em>καὶ</em></strong></span> <span class='ocrx_word' id='word_1_114' title='bbox 1108 1397 1257 1471; x_wconf 84' lang='grc' dir='ltr'><strong><em>οἷον</em></strong></span> <span class='ocrx_word' id='word_1_115' title='bbox 1278 1394 1369 1490; x_wconf 80' lang='grc' dir='ltr'><strong><em>ἦν</em></strong></span> <span class='ocrx_word' id='word_1_116' title='bbox 1385 1407 1513 1483; x_wconf 76' lang='grc' dir='ltr'><strong><em>τοῦ</em></strong></span> <span class='ocrx_word' id='word_1_117' title='bbox 1532 1406 1706 1469; x_wconf 82' lang='grc' dir='ltr'><strong><em>ναοῦ</em></strong></span> <span class='ocrx_word' id='word_1_118' title='bbox 1726 1399 1802 1470; x_wconf 80' lang='grc' dir='ltr'><strong><em>τὰ</em></strong></span> <span class='ocrx_word' id='word_1_119' title='bbox 1829 1398 2047 1488; x_wconf 69' lang='grc' dir='ltr'><strong><em>ἅγιον,</em></strong></span> <span class='ocrx_word' id='word_1_120' title='bbox 2073 1398 2292 1470; x_wconf 66' lang='grc' dir='ltr'><strong><em>οὐδὲν</em></strong></span> 
     </span>
     <span class='ocr_line' id='line_1_14' title="bbox 280 1498 2335 1590; baseline -0.001 -20"><span class='ocrx_word' id='word_1_121' title='bbox 280 1500 439 1572; x_wconf 76' lang='grc' dir='ltr'><strong><em>οὔτε</em></strong></span> <span class='ocrx_word' id='word_1_122' title='bbox 462 1498 1056 1590; x_wconf 79' lang='grc' dir='ltr'><strong><em>ἀποκρυπτόμενος</em></strong></span> <span class='ocrx_word' id='word_1_123' title='bbox 1098 1498 1259 1570; x_wconf 84' lang='grc' dir='ltr'><strong><em>οὔτε</em></strong></span> <span class='ocrx_word' id='word_1_124' title='bbox 1293 1500 1682 1588; x_wconf 82' lang='grc' dir='ltr'><strong><em>προστιθεὶς</em></strong></span> <span class='ocrx_word' id='word_1_125' title='bbox 1714 1513 1852 1582; x_wconf 74' lang='grc' dir='ltr'><strong><em>τοῖς</em></strong></span> <span class='ocrx_word' id='word_1_126' title='bbox 1879 1503 2293 1588; x_wconf 80' lang='grc' dir='ltr'><strong><em>πεφωραμέ-</em></strong></span> <span class='ocrx_word' id='word_1_127' title='bbox 2320 1557 2335 1561; x_wconf 89' lang='grc'><strong><em>-</em></strong></span> 
     </span>
    </p>

    <p class='ocr_par' dir='ltr' id='par_1_4' title="bbox 179 1597 2389 3380">
     <span class='ocr_line' id='line_1_15' title="bbox 179 1597 2296 1690; baseline 0 -23"><span class='ocrx_word' id='word_1_128' title='bbox 179 1613 245 1667; x_wconf 90' lang='grc'><strong><em>11</em></strong></span> <span class='ocrx_word' id='word_1_129' title='bbox 283 1627 446 1683; x_wconf 88' lang='grc' dir='ltr'><strong><em>νοις.</em></strong></span> <span class='ocrx_word' id='word_1_130' title='bbox 513 1607 737 1673; x_wconf 80' lang='grc' dir='ltr'><strong><em>ἔπειτα</em></strong></span> <span class='ocrx_word' id='word_1_131' title='bbox 770 1606 1042 1690; x_wconf 77' lang='grc' dir='ltr'><strong><em>διέξειμι</em></strong></span> <span class='ocrx_word' id='word_1_132' title='bbox 1076 1603 1202 1689; x_wconf 89' lang='grc' dir='ltr'><strong><em>τήν</em></strong></span> <span class='ocrx_word' id='word_1_133' title='bbox 1244 1626 1317 1669; x_wconf 89' lang='grc' dir='ltr'><strong><em>τε</em></strong></span> <span class='ocrx_word' id='word_1_134' title='bbox 1349 1607 1508 1670; x_wconf 86' lang='grc' dir='ltr'><strong><em>τῶν·</em></strong></span> <span class='ocrx_word' id='word_1_135' title='bbox 1526 1598 1884 1689; x_wconf 82' lang='grc' dir='ltr'><strong><em>τυράννων</em></strong></span> <span class='ocrx_word' id='word_1_136' title='bbox 1920 1597 2088 1689; x_wconf 78' lang='grc' dir='ltr'><strong><em>πρὸς</em></strong></span> <span class='ocrx_word' id='word_1_137' title='bbox 2123 1600 2296 1682; x_wconf 80' lang='grc' dir='ltr'><strong><em>τοῦς</em></strong></span> 
     </span>
     <span class='ocr_line' id='line_1_16' title="bbox 279 1696 2385 1790; baseline -0.001 -21"><span class='ocrx_word' id='word_1_138' title='bbox 279 1697 672 1788; x_wconf 80' lang='grc' dir='ltr'><strong><em>ὁμοφύλους</em></strong></span> <span class='ocrx_word' id='word_1_139' title='bbox 705 1698 1012 1790; x_wconf 87' lang='grc' dir='ltr'><strong><em>ω’μότητα</em></strong></span> <span class='ocrx_word' id='word_1_140' title='bbox 1042 1703 1152 1770; x_wconf 88' lang='grc' dir='ltr'><strong><em>καὶ</em></strong></span> <span class='ocrx_word' id='word_1_141' title='bbox 1177 1698 1304 1788; x_wconf 77' lang='grc' dir='ltr'><strong><em>τὴν</em></strong></span> <span class='ocrx_word' id='word_1_142' title='bbox 1316 1697 1652 1786; x_wconf 88' lang='grc' dir='ltr'><strong><em>Ῥωμαίων</em></strong></span> <span class='ocrx_word' id='word_1_143' title='bbox 1678 1696 1896 1786; x_wconf 77' lang='grc' dir='ltr'><strong><em>φειδῶ</em></strong></span> <span class='ocrx_word' id='word_1_144' title='bbox 1919 1696 2090 1786; x_wconf 81' lang='grc' dir='ltr'><strong><em>πρὸς</em></strong></span> <span class='ocrx_word' id='word_1_145' title='bbox 2116 1698 2291 1781; x_wconf 77' lang='grc' dir='ltr'><strong><em>τοὺς</em></strong></span> <span class='ocrx_word' id='word_1_146' title='bbox 2332 1725 2385 1767; x_wconf 75' lang='lat'><strong><em>15</em></strong></span> 
     </span>
     <span class='ocr_line' id='line_1_17' title="bbox 282 1795 2298 1888; baseline 0 -20"><span class='ocrx_word' id='word_1_147' title='bbox 282 1798 733 1888; x_wconf 82' lang='grc' dir='ltr'><strong><em>ἀλλοφύλους,</em></strong></span> <span class='ocrx_word' id='word_1_148' title='bbox 776 1804 888 1869; x_wconf 82' lang='grc' dir='ltr'><strong><em>καὶ</em></strong></span> <span class='ocrx_word' id='word_1_149' title='bbox 929 1797 1163 1880; x_wconf 81' lang='grc' dir='ltr'><strong><em>ὁσάκις</em></strong></span> <span class='ocrx_word' id='word_1_150' title='bbox 1186 1805 1381 1880; x_wconf 90' lang='grc' dir='ltr'><strong><em>Τίτος</em></strong></span> <span class='ocrx_word' id='word_1_151' title='bbox 1413 1804 1625 1868; x_wconf 89' lang='grc' dir='ltr'><strong><em>σῶσαι</em></strong></span> <span class='ocrx_word' id='word_1_152' title='bbox 1646 1795 1772 1885; x_wconf 77' lang='grc' dir='ltr'><strong><em>τὴν</em></strong></span> <span class='ocrx_word' id='word_1_153' title='bbox 1791 1798 1993 1868; x_wconf 82' lang='grc' dir='ltr'><strong><em>πόλιν</em></strong></span> <span class='ocrx_word' id='word_1_154' title='bbox 2032 1800 2145 1867; x_wconf 71' lang='grc' dir='ltr'><strong><em>καὶ</em></strong></span> <span class='ocrx_word' id='word_1_155' title='bbox 2164 1795 2298 1868; x_wconf 83' lang='grc' dir='ltr'><strong><em>τὸν</em></strong></span> 
     </span>
     <span class='ocr_line' id='line_1_18' title="bbox 281 1895 2299 1989; baseline 0 -22"><span class='ocrx_word' id='word_1_156' title='bbox 281 1897 453 1968; x_wconf 78' lang='grc' dir='ltr'><strong><em>ναὸν</em></strong></span> <span class='ocrx_word' id='word_1_157' title='bbox 490 1899 847 1987; x_wconf 74' lang='grc' dir='ltr'><strong><em>ἐπιθυμῶν</em></strong></span> <span class='ocrx_word' id='word_1_158' title='bbox 887 1900 997 1969; x_wconf 80' lang='grc' dir='ltr'><strong><em>ἐπὶ</em></strong></span> <span class='ocrx_word' id='word_1_159' title='bbox 1024 1896 1244 1989; x_wconf 79' lang='grc' dir='ltr'><strong><em>δεξιὰς</em></strong></span> <span class='ocrx_word' id='word_1_160' title='bbox 1274 1895 1436 1979; x_wconf 75' lang='grc' dir='ltr'><strong><em>τοὺς</em></strong></span> <span class='ocrx_word' id='word_1_161' title='bbox 1473 1895 1941 1979; x_wconf 77' lang='grc' dir='ltr'><strong><em>στασιάζοντας</em></strong></span> <span class='ocrx_word' id='word_1_162' title='bbox 1983 1917 2299 1985; x_wconf 81' lang='grc' dir='ltr'><strong><em>προυκα-</em></strong></span> 
     </span>
     <span class='ocr_line' id='line_1_19' title="bbox 282 1997 2287 2086; baseline -0 -19"><span class='ocrx_word' id='word_1_163' title='bbox 282 2002 536 2068; x_wconf 82' lang='grc' dir='ltr'><strong><em>λέσατο.</em></strong></span> <span class='ocrx_word' id='word_1_164' title='bbox 585 2003 909 2085; x_wconf 75' lang='grc' dir='ltr'><strong><em>διακρινῶ</em></strong></span> <span class='ocrx_word' id='word_1_165' title='bbox 953 2000 1028 2068; x_wconf 73' lang='grc' dir='ltr'><strong><em>δὲ</em></strong></span> <span class='ocrx_word' id='word_1_166' title='bbox 1069 1998 1152 2068; x_wconf 79' lang='grc' dir='ltr'><strong><em>τὰ</em></strong></span> <span class='ocrx_word' id='word_1_167' title='bbox 1185 2000 1374 2086; x_wconf 81' lang='grc' dir='ltr'><strong><em>πάθη</em></strong></span> <span class='ocrx_word' id='word_1_168' title='bbox 1409 2004 1536 2067; x_wconf 89' lang='grc' dir='ltr'><strong><em>τοῦ</em></strong></span> <span class='ocrx_word' id='word_1_169' title='bbox 1573 1999 1793 2085; x_wconf 86' lang='grc' dir='ltr'><strong><em>δήμου</em></strong></span> <span class='ocrx_word' id='word_1_170' title='bbox 1826 1999 1936 2066; x_wconf 88' lang='grc' dir='ltr'><strong><em>καὶ</em></strong></span> <span class='ocrx_word' id='word_1_171' title='bbox 1967 1997 2088 2078; x_wconf 78' lang='grc' dir='ltr'><strong><em>τὰς</em></strong></span> <span class='ocrx_word' id='word_1_172' title='bbox 2115 2019 2287 2086; x_wconf 87' lang='grc' dir='ltr'><strong><em>συμ-</em></strong></span> 
     </span>
     <span class='ocr_line' id='line_1_20' title="bbox 286 2093 2301 2186; baseline 0 -21"><span class='ocrx_word' id='word_1_173' title='bbox 286 2097 535 2186; x_wconf 88' lang='grc' dir='ltr'><strong><em>φοράς,</em></strong></span> <span class='ocrx_word' id='word_1_174' title='bbox 578 2095 709 2167; x_wconf 81' lang='grc' dir='ltr'><strong><em>ὅσα</em></strong></span> <span class='ocrx_word' id='word_1_175' title='bbox 732 2124 805 2167; x_wconf 90' lang='grc' dir='ltr'><strong><em>τε</em></strong></span> <span class='ocrx_word' id='word_1_176' title='bbox 838 2096 980 2168; x_wconf 76' lang='grc' dir='ltr'><strong><em>ὑπὸ</em></strong></span> <span class='ocrx_word' id='word_1_177' title='bbox 1013 2105 1141 2169; x_wconf 89' lang='grc' dir='ltr'><strong><em>τοῦ</em></strong></span> <span class='ocrx_word' id='word_1_178' title='bbox 1178 2101 1476 2185; x_wconf 80' lang='grc' dir='ltr'><strong><em>πολέμου</em></strong></span> <span class='ocrx_word' id='word_1_179' title='bbox 1509 2099 1621 2166; x_wconf 72' lang='grc' dir='ltr'><strong><em>καὶ</em></strong></span> <span class='ocrx_word' id='word_1_180' title='bbox 1646 2093 1775 2165; x_wconf 80' lang='grc' dir='ltr'><strong><em>ὅσα</em></strong></span> <span class='ocrx_word' id='word_1_181' title='bbox 1805 2094 1943 2166; x_wconf 79' lang='grc' dir='ltr'><strong><em>ὑπὸ</em></strong></span> <span class='ocrx_word' id='word_1_182' title='bbox 1983 2103 2100 2184; x_wconf 84' lang='grc' dir='ltr'><strong><em>τῆς</em></strong></span> <span class='ocrx_word' id='word_1_183' title='bbox 2127 2096 2301 2166; x_wconf 82' lang='grc' dir='ltr'><strong><em>στά-</em></strong></span> 
     </span>
     <span class='ocr_line' id='line_1_21' title="bbox 287 2192 2387 2283; baseline -0 -20"><span class='ocrx_word' id='word_1_184' title='bbox 287 2215 455 2275; x_wconf 85' lang='grc' dir='ltr'><strong><em>σεως</em></strong></span> <span class='ocrx_word' id='word_1_185' title='bbox 472 2197 585 2264; x_wconf 84' lang='grc' dir='ltr'><strong><em>καὶ</em></strong></span> <span class='ocrx_word' id='word_1_186' title='bbox 605 2192 734 2263; x_wconf 77' lang='grc' dir='ltr'><strong><em>ὅσα</em></strong></span> <span class='ocrx_word' id='word_1_187' title='bbox 762 2192 897 2264; x_wconf 79' lang='grc' dir='ltr'><strong><em>ὑπὸ</em></strong></span> <span class='ocrx_word' id='word_1_188' title='bbox 930 2202 1054 2264; x_wconf 90' lang='grc' dir='ltr'><strong><em>τοῦ</em></strong></span> <span class='ocrx_word' id='word_1_189' title='bbox 1096 2201 1302 2283; x_wconf 84' lang='grc' dir='ltr'><strong><em>λιμοῦ</em></strong></span> <span class='ocrx_word' id='word_1_190' title='bbox 1328 2197 1750 2275; x_wconf 75' lang='grc' dir='ltr'><strong><em>κακωθέντες</em></strong></span> <span class='ocrx_word' id='word_1_191' title='bbox 1791 2193 2112 2264; x_wconf 76' lang='grc' dir='ltr'><strong><em>ἑάλωσαν.</em></strong></span> <span class='ocrx_word' id='word_1_192' title='bbox 2153 2218 2294 2263; x_wconf 83' lang='grc' dir='ltr'><strong><em>πα-</em></strong></span> <span class='ocrx_word' id='word_1_193' title='bbox 2330 2220 2387 2262; x_wconf 75' lang='lat'><strong><em>20</em></strong></span> 
     </span>
     <span class='ocr_line' id='line_1_22' title="bbox 288 2292 2302 2382; baseline 0.001 -20"><span class='ocrx_word' id='word_1_194' title='bbox 288 2300 580 2382; x_wconf 82' lang='grc' dir='ltr'><strong><em>ραλείψω</em></strong></span> <span class='ocrx_word' id='word_1_195' title='bbox 601 2295 676 2363; x_wconf 73' lang='grc' dir='ltr'><strong><em>δὲ</em></strong></span> <span class='ocrx_word' id='word_1_196' title='bbox 698 2293 862 2365; x_wconf 75' lang='grc' dir='ltr'><strong><em>οὐδὲ</em></strong></span> <span class='ocrx_word' id='word_1_197' title='bbox 894 2294 1012 2376; x_wconf 86' lang='grc' dir='ltr'><strong><em>τάς</em></strong></span> <span class='ocrx_word' id='word_1_198' title='bbox 1044 2303 1183 2365; x_wconf 87' lang='grc' dir='ltr'><strong><em>τῶν</em></strong></span> <span class='ocrx_word' id='word_1_199' title='bbox 1223 2293 1622 2382; x_wconf 73' lang='grc' dir='ltr'><strong><em>αὐτομόλων</em></strong></span> <span class='ocrx_word' id='word_1_200' title='bbox 1650 2292 1941 2382; x_wconf 81' lang='grc' dir='ltr'><strong><em>ἀτυχίας,</em></strong></span> <span class='ocrx_word' id='word_1_201' title='bbox 1982 2292 2145 2365; x_wconf 70' lang='grc' dir='ltr'><strong><em>οὐδὲ</em></strong></span> <span class='ocrx_word' id='word_1_202' title='bbox 2173 2294 2302 2379; x_wconf 75' lang='grc' dir='ltr'><strong><em>τὰς</em></strong></span> 
     </span>
     <span class='ocr_line' id='line_1_23' title="bbox 284 2391 2302 2481; baseline 0 -18"><span class='ocrx_word' id='word_1_203' title='bbox 284 2400 425 2463; x_wconf 88' lang='grc' dir='ltr'><strong><em>τῶν</em></strong></span> <span class='ocrx_word' id='word_1_204' title='bbox 467 2395 903 2481; x_wconf 71' lang='grc' dir='ltr'><strong><em>αἰχμαλώτων</em></strong></span> <span class='ocrx_word' id='word_1_205' title='bbox 955 2397 1296 2476; x_wconf 87' lang='grc' dir='ltr'><strong><em>κολάσεις,</em></strong></span> <span class='ocrx_word' id='word_1_206' title='bbox 1357 2392 1541 2476; x_wconf 81' lang='grc' dir='ltr'><strong><em>ὅπως</em></strong></span> <span class='ocrx_word' id='word_1_207' title='bbox 1588 2420 1662 2463; x_wconf 90' lang='grc' dir='ltr'><strong><em>τε</em></strong></span> <span class='ocrx_word' id='word_1_208' title='bbox 1703 2392 1740 2462; x_wconf 86' lang='grc' dir='ltr'>ὁ</span> <span class='ocrx_word' id='word_1_209' title='bbox 1791 2391 1956 2476; x_wconf 79' lang='grc' dir='ltr'><strong><em>ναός</em></strong></span> <span class='ocrx_word' id='word_1_210' title='bbox 2008 2392 2302 2478; x_wconf 71' lang='grc' dir='ltr'><strong><em>ἄκοντος</em></strong></span> 
     </span>
     <span class='ocr_line' id='line_1_24' title="bbox 288 2492 2301 2582; baseline 0.001 -20"><span class='ocrx_word' id='word_1_211' title='bbox 288 2495 676 2581; x_wconf 75' lang='grc' dir='ltr'><strong><em>ἐνεπρήσθη</em></strong></span> <span class='ocrx_word' id='word_1_212' title='bbox 710 2499 1083 2581; x_wconf 87' lang='grc' dir='ltr'><strong><em>Καίσαρος,</em></strong></span> <span class='ocrx_word' id='word_1_213' title='bbox 1122 2496 1235 2563; x_wconf 84' lang='grc' dir='ltr'><strong><em>καὶ</em></strong></span> <span class='ocrx_word' id='word_1_214' title='bbox 1263 2492 1391 2564; x_wconf 76' lang='grc' dir='ltr'><strong><em>ὅσα</em></strong></span> <span class='ocrx_word' id='word_1_215' title='bbox 1418 2501 1556 2564; x_wconf 86' lang='grc' dir='ltr'><strong><em>τῶν</em></strong></span> <span class='ocrx_word' id='word_1_216' title='bbox 1589 2498 1795 2580; x_wconf 70' lang='grc' dir='ltr'><strong><em>ἱερῶν</em></strong></span> <span class='ocrx_word' id='word_1_217' title='bbox 1823 2502 2189 2582; x_wconf 79' lang='grc' dir='ltr'><strong><em>κειμηλίων</em></strong></span> <span class='ocrx_word' id='word_1_218' title='bbox 2219 2498 2301 2565; x_wconf 74' lang='grc' dir='ltr'><strong><em>ἐκ</em></strong></span> 
     </span>
     <span class='ocr_line' id='line_1_25' title="bbox 289 2589 2305 2683; baseline 0.002 -23"><span class='ocrx_word' id='word_1_219' title='bbox 289 2598 415 2662; x_wconf 87' lang='grc' dir='ltr'><strong><em>τοῦ</em></strong></span> <span class='ocrx_word' id='word_1_220' title='bbox 436 2590 653 2680; x_wconf 75' lang='grc' dir='ltr'><strong><em>πυρὰς</em></strong></span> <span class='ocrx_word' id='word_1_221' title='bbox 674 2589 941 2681; x_wconf 80' lang='grc' dir='ltr'><strong><em>ἡρπάγη</em></strong></span> <span class='ocrx_word' id='word_1_222' title='bbox 957 2648 976 2682; x_wconf 88' lang='grc'><strong><em>,</em></strong></span> <span class='ocrx_word' id='word_1_223' title='bbox 1014 2594 1139 2681; x_wconf 89' lang='grc' dir='ltr'><strong><em>τήν</em></strong></span> <span class='ocrx_word' id='word_1_224' title='bbox 1158 2619 1233 2662; x_wconf 86' lang='grc' dir='ltr'><strong><em>τε</em></strong></span> <span class='ocrx_word' id='word_1_225' title='bbox 1253 2600 1371 2680; x_wconf 84' lang='grc' dir='ltr'><strong><em>τῆς</em></strong></span> <span class='ocrx_word' id='word_1_226' title='bbox 1404 2593 1566 2680; x_wconf 80' lang='grc' dir='ltr'><strong><em>ὅλης</em></strong></span> <span class='ocrx_word' id='word_1_227' title='bbox 1596 2592 1852 2674; x_wconf 87' lang='grc' dir='ltr'><strong><em>πόλεως</em></strong></span> <span class='ocrx_word' id='word_1_228' title='bbox 1871 2591 2147 2683; x_wconf 77' lang='grc' dir='ltr'><strong><em>ἅλωσιν,</em></strong></span> <span class='ocrx_word' id='word_1_229' title='bbox 2184 2599 2305 2665; x_wconf 78' lang='grc' dir='ltr'><strong><em>καὶ</em></strong></span> 
     </span>
     <span class='ocr_line' id='line_1_26' title="bbox 288 2693 2385 2786; baseline 0 -21"><span class='ocrx_word' id='word_1_230' title='bbox 288 2694 371 2765; x_wconf 82' lang='grc' dir='ltr'><strong><em>τὰ</em></strong></span> <span class='ocrx_word' id='word_1_231' title='bbox 409 2696 537 2782; x_wconf 81' lang='grc' dir='ltr'><strong><em>πρὸ</em></strong></span> <span class='ocrx_word' id='word_1_232' title='bbox 560 2696 807 2782; x_wconf 80' lang='grc' dir='ltr'><strong><em>ταύτης</em></strong></span> <span class='ocrx_word' id='word_1_233' title='bbox 838 2710 1075 2783; x_wconf 79' lang='grc' dir='ltr'><strong><em>σημεῖα</em></strong></span> <span class='ocrx_word' id='word_1_234' title='bbox 1108 2698 1221 2766; x_wconf 76' lang='grc' dir='ltr'><strong><em>καὶ</em></strong></span> <span class='ocrx_word' id='word_1_235' title='bbox 1260 2700 1533 2786; x_wconf 83' lang='grc' dir='ltr'><strong><em>τέρατα,</em></strong></span> <span class='ocrx_word' id='word_1_236' title='bbox 1564 2700 1675 2766; x_wconf 86' lang='grc' dir='ltr'><strong><em>καὶ</em></strong></span> <span class='ocrx_word' id='word_1_237' title='bbox 1694 2693 1820 2781; x_wconf 85' lang='grc' dir='ltr'><strong><em>τὴν</em></strong></span> <span class='ocrx_word' id='word_1_238' title='bbox 1841 2699 2298 2782; x_wconf 74' lang='grc' dir='ltr'><strong><em>αἰχμαλωσίαν</em></strong></span> <span class='ocrx_word' id='word_1_239' title='bbox 2329 2722 2385 2766; x_wconf 73' lang='lat'><strong><em>2⁵</em></strong></span> 
     </span>
     <span class='ocr_line' id='line_1_27' title="bbox 291 2793 2301 2885; baseline 0.001 -21"><span class='ocrx_word' id='word_1_240' title='bbox 291 2801 430 2864; x_wconf 86' lang='grc' dir='ltr'><strong><em>τῶν</em></strong></span> <span class='ocrx_word' id='word_1_241' title='bbox 474 2795 833 2878; x_wconf 84' lang='grc' dir='ltr'><strong><em>τυράννων</em></strong></span> <span class='ocrx_word' id='word_1_242' title='bbox 850 2846 870 2882; x_wconf 96' lang='grc'><strong><em>,</em></strong></span> <span class='ocrx_word' id='word_1_243' title='bbox 913 2802 1052 2864; x_wconf 89' lang='grc' dir='ltr'><strong><em>τῶν</em></strong></span> <span class='ocrx_word' id='word_1_244' title='bbox 1083 2821 1156 2864; x_wconf 91' lang='grc' dir='ltr'><strong><em>τε</em></strong></span> <span class='ocrx_word' id='word_1_245' title='bbox 1190 2793 1878 2881; x_wconf 75' lang='grc' dir='ltr'><strong><em>ἀνδραποδισθέντων</em></strong></span> <span class='ocrx_word' id='word_1_246' title='bbox 1898 2795 1973 2864; x_wconf 82' lang='grc' dir='ltr'><strong><em>τὸ</em></strong></span> <span class='ocrx_word' id='word_1_247' title='bbox 2011 2802 2301 2885; x_wconf 85' lang='grc' dir='ltr'><strong><em>πλῆθος,</em></strong></span> 
     </span>
     <span class='ocr_line' id='line_1_28' title="bbox 294 2890 2305 2982; baseline 0 -19"><span class='ocrx_word' id='word_1_248' title='bbox 294 2896 405 2963; x_wconf 80' lang='grc' dir='ltr'><strong><em>καὶ</em></strong></span> <span class='ocrx_word' id='word_1_249' title='bbox 429 2899 522 2974; x_wconf 84' lang='grc' dir='ltr'><strong><em>εἰς</em></strong></span> <span class='ocrx_word' id='word_1_250' title='bbox 550 2890 639 2980; x_wconf 79' lang='grc' dir='ltr'><strong><em>ἢν</em></strong></span> <span class='ocrx_word' id='word_1_251' title='bbox 660 2895 930 2963; x_wconf 81' lang='grc' dir='ltr'><strong><em>ἕκαστοι</em></strong></span> <span class='ocrx_word' id='word_1_252' title='bbox 949 2895 1162 2981; x_wconf 85' lang='grc' dir='ltr'><strong><em>τύχην</em></strong></span> <span class='ocrx_word' id='word_1_253' title='bbox 1186 2893 1707 2982; x_wconf 87' lang='grc' dir='ltr'><strong><em>διενεμήθησαν,</em></strong></span> <span class='ocrx_word' id='word_1_254' title='bbox 1749 2899 1861 2963; x_wconf 82' lang='grc' dir='ltr'><strong><em>καὶ</em></strong></span> <span class='ocrx_word' id='word_1_255' title='bbox 1893 2891 1985 2976; x_wconf 77' lang='grc' dir='ltr'><strong><em>ὥς</em></strong></span> <span class='ocrx_word' id='word_1_256' title='bbox 1996 2893 2305 2981; x_wconf 69' lang='grc' dir='ltr'><strong><em>Ῥωμαῖοι</em></strong></span> 
     </span>
     <span class='ocr_line' id='line_1_29' title="bbox 295 2990 2305 3081; baseline 0.001 -21"><span class='ocrx_word' id='word_1_257' title='bbox 295 2993 420 3080; x_wconf 69' lang='grc' dir='ltr'><strong><em>μὲν</em></strong></span> <span class='ocrx_word' id='word_1_258' title='bbox 442 2995 814 3078; x_wconf 79' lang='grc' dir='ltr'><strong><em>ἐπεξῆλθον</em></strong></span> <span class='ocrx_word' id='word_1_259' title='bbox 849 2990 931 3060; x_wconf 85' lang='grc' dir='ltr'><strong><em>τά</em></strong></span> <span class='ocrx_word' id='word_1_260' title='bbox 956 2999 1241 3074; x_wconf 79' lang='grc' dir='ltr'><strong><em>λείψανα</em></strong></span> <span class='ocrx_word' id='word_1_261' title='bbox 1268 2998 1395 3061; x_wconf 90' lang='grc' dir='ltr'><strong><em>τοῦ</em></strong></span> <span class='ocrx_word' id='word_1_262' title='bbox 1425 2993 1720 3081; x_wconf 79' lang='grc' dir='ltr'><strong><em>πολέμου</em></strong></span> <span class='ocrx_word' id='word_1_263' title='bbox 1747 2996 1860 3063; x_wconf 72' lang='grc' dir='ltr'><strong><em>καὶ</em></strong></span> <span class='ocrx_word' id='word_1_264' title='bbox 1888 2995 1974 3063; x_wconf 79' lang='grc' dir='ltr'><strong><em>τὰ</em></strong></span> <span class='ocrx_word' id='word_1_265' title='bbox 2003 2992 2305 3081; x_wconf 79' lang='grc' dir='ltr'><strong><em>ἐρύματα</em></strong></span> 
     </span>
     <span class='ocr_line' id='line_1_30' title="bbox 294 3090 2306 3187; baseline 0.001 -28"><span class='ocrx_word' id='word_1_266' title='bbox 294 3097 433 3159; x_wconf 88' lang='grc' dir='ltr'><strong><em>τῶν</em></strong></span> <span class='ocrx_word' id='word_1_267' title='bbox 452 3097 717 3178; x_wconf 88' lang='grc' dir='ltr'><strong><em>χωρίων</em></strong></span> <span class='ocrx_word' id='word_1_268' title='bbox 737 3099 1080 3179; x_wconf 76' lang='grc' dir='ltr'><strong><em>καθεῖλον,</em></strong></span> <span class='ocrx_word' id='word_1_269' title='bbox 1121 3096 1315 3173; x_wconf 88' lang='grc' dir='ltr'><strong><em>Τίτος</em></strong></span> <span class='ocrx_word' id='word_1_270' title='bbox 1347 3092 1423 3161; x_wconf 68' lang='grc' dir='ltr'><strong><em>δὲ</em></strong></span> <span class='ocrx_word' id='word_1_271' title='bbox 1444 3098 1669 3161; x_wconf 75' lang='grc' dir='ltr'><strong><em>πᾶσαν</em></strong></span> <span class='ocrx_word' id='word_1_272' title='bbox 1687 3092 1997 3163; x_wconf 77' lang='grc' dir='ltr'><strong><em>έπελθῶν</em></strong></span> <span class='ocrx_word' id='word_1_273' title='bbox 2018 3090 2146 3179; x_wconf 79' lang='grc' dir='ltr'><strong><em>τὴν</em></strong></span> <span class='ocrx_word' id='word_1_274' title='bbox 2165 3093 2306 3187; x_wconf 71' lang='grc' dir='ltr'><strong><em>χῶ-</em></strong></span> 
     </span>
     <span class='ocr_line' id='line_1_31' title="bbox 297 3188 2389 3282; baseline 0.002 -25"><span class='ocrx_word' id='word_1_275' title='bbox 297 3215 424 3276; x_wconf 90' lang='grc' dir='ltr'><strong><em>ραν</em></strong></span> <span class='ocrx_word' id='word_1_276' title='bbox 451 3190 916 3278; x_wconf 85' lang='grc' dir='ltr'><strong><em>κατεστήσατο,</em></strong></span> <span class='ocrx_word' id='word_1_277' title='bbox 936 3191 1064 3278; x_wconf 84' lang='grc' dir='ltr'><strong><em>τήν</em></strong></span> <span class='ocrx_word' id='word_1_278' title='bbox 1082 3216 1157 3260; x_wconf 91' lang='grc' dir='ltr'><strong><em>τε</em></strong></span> <span class='ocrx_word' id='word_1_279' title='bbox 1173 3189 1619 3282; x_wconf 80' lang='grc' dir='ltr'><strong><em>ὑποστροφὴν</em></strong></span> <span class='ocrx_word' id='word_1_280' title='bbox 1641 3188 1857 3260; x_wconf 76' lang='grc' dir='ltr'><strong><em>αὐτοῦ</em></strong></span> <span class='ocrx_word' id='word_1_281' title='bbox 1877 3190 2003 3279; x_wconf 76' lang='grc' dir='ltr'><strong><em>τὴν</em></strong></span> <span class='ocrx_word' id='word_1_282' title='bbox 2026 3196 2122 3273; x_wconf 76' lang='grc' dir='ltr'><strong><em>εἰς</em></strong></span> <span class='ocrx_word' id='word_1_283' title='bbox 2135 3188 2305 3262; x_wconf 85' lang='grc' dir='ltr'><strong><em>Ἰτα-</em></strong></span> <span class='ocrx_word' id='word_1_284' title='bbox 2334 3218 2389 3262; x_wconf 72' lang='grc' dir='ltr'><strong><em>ω</em></strong></span> 
     </span>
     <span class='ocr_line' id='line_1_32' title="bbox 298 3289 1144 3380; baseline 0.002 -24"><span class='ocrx_word' id='word_1_285' title='bbox 298 3294 449 3356; x_wconf 86' lang='grc' dir='ltr'><strong><em>λίαν</em></strong></span> <span class='ocrx_word' id='word_1_286' title='bbox 489 3290 599 3357; x_wconf 87' lang='grc' dir='ltr'><strong><em>καὶ</em></strong></span> <span class='ocrx_word' id='word_1_287' title='bbox 630 3289 753 3358; x_wconf 80' lang='grc' dir='ltr'><strong><em>τὸν</em></strong></span> <span class='ocrx_word' id='word_1_288' title='bbox 784 3296 1144 3380; x_wconf 86' lang='grc' dir='ltr'><strong><em>θρίαμβον.</em></strong></span> 
     </span>
    </p>

    <p class='ocr_par' dir='ltr' id='par_1_5' title="bbox 197 3390 2309 3481">
     <span class='ocr_line' id='line_1_33' title="bbox 197 3390 2309 3481; baseline 0.003 -26"><span class='ocrx_word' id='word_1_289' title='bbox 197 3403 264 3456; x_wconf 81' lang='lat'><strong><em>12</em></strong></span> <span class='ocrx_word' id='word_1_290' title='bbox 477 3395 686 3457; x_wconf 88' lang='grc' dir='ltr'><strong><em>ταῦτα</em></strong></span> <span class='ocrx_word' id='word_1_291' title='bbox 707 3391 924 3459; x_wconf 82' lang='grc' dir='ltr'><strong><em>πάντα</em></strong></span> <span class='ocrx_word' id='word_1_292' title='bbox 952 3390 1337 3481; x_wconf 69' lang='grc' dir='ltr'><strong><em>περιλαβών</em></strong></span> <span class='ocrx_word' id='word_1_293' title='bbox 1357 3393 1434 3461; x_wconf 81' lang='grc' dir='ltr'><strong><em>ἐν</em></strong></span> <span class='ocrx_word' id='word_1_294' title='bbox 1445 3391 1609 3461; x_wconf 65' lang='grc' dir='ltr'><strong><em>ἑπτὰ</em></strong></span> <span class='ocrx_word' id='word_1_295' title='bbox 1628 3395 1934 3480; x_wconf 85' lang='grc' dir='ltr'><strong><em>βιβλίοις,</em></strong></span> <span class='ocrx_word' id='word_1_296' title='bbox 1960 3392 2075 3461; x_wconf 82' lang='grc' dir='ltr'><strong><em>καὶ</em></strong></span> <span class='ocrx_word' id='word_1_297' title='bbox 2095 3396 2309 3481; x_wconf 84' lang='grc' dir='ltr'><strong><em>μηδε-</em></strong></span> 
     </span>
    </p>
   </div>
  </div>
 </body>
</html>
