2450 3875
736 162 1030 224 ΛΟῙῸΣ
1076 160 1428 225 ΠΡΩΤΟΣ
2002 165 2085 228 95

150 326 425 412 διαβολῶν
453 316 624 413 ἦσαν
666 319 1019 412 ῶκύτεραι.
1103 324 1516 414 κατηγόρητο
1577 332 1751 412 γοῦν
1794 353 1894 409 τις
1931 325 2085 414 ἄρτι

144 424 568 512 κατηγορήσας,
611 424 839 513 καὶτῷ
867 421 1035 510 πρὸς
1056 420 1270 491 αὐτοῦ
1299 426 1752 512 διελεγχθέντι
1775 427 2087 516 συναπή-

143 545 279 605 γετο.
341 524 446 604 τὰς
470 523 596 611 γὰρ
631 521 955 604 ἐξετάσεις
978 529 1105 591 τοῦ
1124 527 1450 610 βασιλέως
1477 520 1513 593 ὁ
1547 527 1699 612 περὶ
1728 531 1845 613 τῆς
1867 533 2087 615 ψυχῆς

140 623 403 701 κίνδυνος
426 618 848 708 ὑπετέμνετο.
909 621 1180 709 προύβη
1225 623 1301 694 δὲ
1331 626 1425 703 εἰς
1456 629 1783 693 τοσοῦτον
1820 632 2085 712 πικρίας

79 740 119 812 ,ι
143 711 212 796 ὦς
246 718 391 804 μηδὲ
426 725 563 787 τῶν
610 716 1095 787 ἀκαταιτιάτων
1136 721 1271 787 τινὶ
1310 725 1759 809 προσβλέπειν
1801 718 2083 810 ἡμέρως,

137 812 272 884 εἶναι
297 815 483 886 δὲκαὶ
510 832 647 899 τοῖς
671 825 892 905 φίλοις
915 815 1387 906 ἀπηνέστατος.
1434 828 1706 901 πολλοῖς
1747 827 1920 908 γοῦν
1955 818 2088 889 αύ-

133 921 241 982 τῶν
273 913 491 986 ἀπεῖπε
523 916 600 986 τό
638 925 1006 1006 βασίλειον·
1053 920 1165 987 καὶ
1202 916 1371 1004 πρὸς
1401 917 1524 1000 οὓς
1547 916 1676 987 ούκ
1713 918 1842 1006 εἶχε
1863 920 2084 1008 χειρὸς

130 1011 409 1104 ἐξουσίαν,
437 1023 531 1109 τῷ
555 1017 734 1106 λόγῳ
753 1016 1036 1103 χαλεπὸς
1056 1008 1164 1104 ἦν.
1209 1019 1547 1106 συνεπέβη
1568 1018 1641 1086 δὲ
1659 1017 2086 1107 Ἀντίπατρος

45 1150 46 1199 3
128 1113 323 1194 ἐνταῖς
346 1129 721 1204 συμφοραῖς
749 1114 1192 1206 Ἀλεξάνδρῳ,
1236 1116 1348 1183 καὶ
1379 1129 1614 1203 στῖφος
1633 1115 1916 1204 ποιήσας
1945 1124 2087 1187 τῶν

68 1236 104 1276 ιο
127 1219 431 1299 συγγενῶν
445 1212 575 1283 ούκ
591 1218 771 1283 ἔστιν
791 1212 1030 1301 ἥντινα
1049 1212 1376 1301 διαβολὴν
1390 1217 1730 1303 παρέλιπε.
1773 1218 2085 1305 προήχθη

125 1314 186 1395 γέ
214 1338 303 1380 τοι
334 1313 498 1401 πρὸς
541 1319 874 1382 τοσοῦτον
913 1316 1111 1394 δέους
1143 1310 1180 1381 ὁ
1214 1316 1532 1402 βασιλεὺς
1558 1312 1693 1385 ὑπὸ
1741 1323 1858 1404 τῆς
1885 1338 2087 1404 τερα-

120 1414 263 1490 τείας
286 1408 490 1479 αύτοῦ
527 1412 641 1479 καὶ
676 1417 814 1479 τῶν
838 1410 1325 1498 συνταγμάτων
1362 1409 1531 1482 ῶστε
1566 1415 1926 1500 ἐφεστάναι
1965 1419 2087 1483 δο-

121 1520 236 1574 κεῖν
259 1507 432 1601 αὐτῷ
452 1509 576 1579 τὸν
591 1506 1030 1596 Ἀλέξανδρον
1056 1509 1325 1598 ξιφήρη.
1373 1508 1731 1598 συλλαβῶν
1759 1518 1932 1599 γοῦν
1953 1510 2084 1582 αύ-

117 1605 460 1696 τόνὲδησεν
494 1614 828 1698 ἐξαπίνης,
872 1610 984 1678 καὶ
1013 1605 1182 1696 πρὸς
1206 1611 1509 1698 βάσανον
1540 1610 1771 1699 ἐχώρει
1801 1619 1941 1679 τῶν
1964 1619 2083 1700 φί-

59 1726 95 1767 ¹⁸
117 1712 232 1774 λων
259 1707 484 1778 αὐτοῦ.
526 1715 847 1797 σιγῶντες
885 1708 960 1776 δὲ
998 1705 1435 1797 ἀπέθνησκον
1466 1712 1537 1777 οἱ
1554 1712 1791 1779 πολλοὶ
1822 1713 1931 1779 καὶ
1955 1738 2084 1800 μη-

113 1804 209 1872 δὲν
243 1804 409 1895 ὑπὲρ
453 1806 532 1877 τὸ
579 1805 893 1887 συνειδὸς
934 1807 1264 1887 εἰπόντες·
1312 1812 1381 1875 οἳ
1411 1808 1486 1875 δὲ
1522 1804 1658 1876 ὑπὸ
1694 1815 1833 1877 τῶν
1874 1808 2081 1898 ἄλγη-

113 1905 302 1976 δόνων
325 1907 713 1992 ψεύσασθαι
747 1911 1145 1997 βιασθέντες
1168 1912 1404 1995 ἔλεγον
1427 1905 1515 1990 ὦς
1539 1909 1969 1997 ἐπιβουλεύοι
2011 1937 2082 1980 τε

110 2003 261 2100 αὐτῷ
309 2010 472 2097 μετὰ
518 2008 1045 2098 Ἀριστοβούλου
1102 2014 1229 2078 τοῦ
1289 2005 1623 2098 ἀδελφοῦ,
1696 2011 1807 2078 καὶ
1866 2036 2083 2098 παρα-

109 2110 396 2189 φυλάττοι
440 2114 876 2195 κυνηγοῦντα
930 2113 1194 2188 κτείνας
1249 2113 1342 2190 εἰς
1383 2108 1640 2197 Ῥώμην
1683 2108 2078 2193 ἀποδρᾶναι.

47 2216 88 2258 ²⁸
110 2203 356 2294 τούτοις,
394 2213 638 2293 καίπερ
680 2203 763 2273 ού
805 2215 1122 2287 πιθανοῖς
1165 2198 1367 2275 οὖσιν
1389 2204 1538 2275 ἀλλ’
1567 2205 1701 2275 ὑπὸ
1728 2214 1845 2295 τῆς
1869 2205 2084 2295 ἀνάγ-

105 2327 204 2390 κης
237 2307 801 2395 ἐσχεδιασμένοις,
840 2302 878 2374 ὁ
925 2304 1243 2394 βασιλεὺς
1280 2309 1628 2375 ἐπίστευεν
1666 2304 1913 2398 ἡδέως,
1951 2335 2082 2379 πα-

106 2413 417 2487 ραμυθίαν
451 2403 821 2494 λαμβάνων
852 2410 977 2473 τοῦ
1012 2408 1213 2491 δῆσαι
1248 2401 1371 2473 τὸν
1412 2403 1567 2474 υίόν
1608 2403 1683 2478 τό
1716 2405 1808 2495 μὴ
1854 2412 2085 2477 δοκεῖν

102 2496 330 2586 ἇδίκως.

242 2600 276 2670 ὁ
303 2603 375 2671 δὲ
393 2600 831 2690 Ἀλέξανδρος
857 2603 1002 2671 ἐπεὶ
1031 2600 1152 2671 τὸν
1172 2605 1426 2690 πατέρα
1455 2611 1887 2692 μεταπείθειν
1908 2603 2082 2693 άμή-
2100 2603 2185 2666 25

44 2711 78 2754 ²⁵
99 2720 283 2783 χανον
330 2700 543 2789 ἑώρα,
600 2714 739 2781 τοῖς
792 2704 1041 2782 δεινοῖς
1095 2698 1302 2787 ὁμόσε
1352 2717 1593 2790 χωρεῖν
1645 2707 1918 2790 διέγνω,
1973 2703 2085 2770 καὶ

97 2799 390 2884 τέσσαρας
410 2795 584 2869 κατὰ
610 2805 750 2867 τῶν
763 2800 1030 2887 ἐχθρῶν
1055 2805 1336 2888 βίβλους
1355 2802 1849 2888 συνταξάμενος
1870 2821 2085 2887 προσ-

98 2896 397 2985 ωμολόγει
428 2896 559 2985 μὲν
579 2894 704 2984 τὴν
726 2898 1120 2985 ἐπιβουλήν,
1159 2896 1534 2978 κοινωνοὺς
1568 2898 1641 2966 δὲ
1685 2895 2085 2967 ἀπεδείκνυε

96 2993 234 3076 τούς
257 3004 615 3078 πλείστους
668 2992 933 3085 αὐτῶν,
976 2994 1107 3085 πρὸ
1156 3000 1232 3065 δὲ
1284 2996 1562 3066 πάντων
1604 2997 1933 3086 Φερώραν
1971 2999 2085 3067 καὶ

93 3094 437 3183 Σαλώμην·
485 3093 741 3182 ταύτην
786 3095 916 3182 γὰρ
974 3096 1060 3182 δὴ
1099 3095 1212 3164 καὶ
1260 3101 1540 3183 μιγῆναί
1579 3121 1740 3165 ποτε
1772 3094 1957 3190 αὐτῷ
1991 3096 2084 3184 μὴ

44 3207 76 3250 ¹·
96 3197 367 3284 θέλοντι,
386 3193 663 3283 νύκτωρ
695 3198 1231 3283 εἰσβιασαμένην.
1277 3198 1440 3263 αἵτε
1459 3188 1589 3263 οὖν
1615 3202 1838 3285 βίβλοι
1865 3204 2086 3285 παρῆ-

92 3309 201 3360 σαν
232 3299 323 3375 είς
339 3307 569 3382 χεῖρας
586 3291 886 3385 Ἡρώδῃ,
930 3291 1147 3365 πολλὰ
1177 3293 1290 3362 καὶ
1312 3291 1503 3361 δεινὰ
1526 3293 1691 3362 κατὰ
1710 3301 1849 3364 τῶν
1872 3300 2087 3366 δυναο

91 3394 210 3458 τῶν
262 3399 559 3482 βοῶσαι,
625 3393 738 3462 καὶ
780 3390 894 3463 διὰ
930 3394 1176 3481 τάχους
1233 3397 1329 3474 εἰς
1370 3390 1700 3464 Ἰουδαίαν
1738 3392 2091 3485 Ἀρχέλαος
