2450 3875
779 181 1073 245 ΛΟῙῸΣ
1121 181 1471 246 ΠΡΩΤΟΣ
2025 183 2032 194 “
2057 185 2132 249 91
2211 191 2218 199 ’

133 346 428 439 τιπάτρφ
482 350 891 440 προσετίθει.
970 345 1471 415 συναπέκλιναν
1517 343 1595 413 δὲ
1641 346 1754 413 καὶ
1795 350 1935 416 τών
1972 344 2140 416 κατὰ

134 446 205 517 τὸ
242 454 586 536 βασίλειον
607 452 679 516 οἳ
708 445 834 534 μὲν
859 445 1125 527 ἑκόντες
1146 450 1216 513 οἳ
1235 446 1310 513 δὲ
1333 445 1399 526 ἐξ
1423 443 1879 535 ἐπιτάγματος,
1912 444 2138 532 ὥσπερ

138 554 549 631 Πτολεμαῖος
592 542 628 613 6
686 545 1081 632 τιμιώτατος
1129 549 1271 612 τών
1313 549 1568 631 φίλων,
1629 546 1699 611 οἵ
1736 569 1807 612 τε
1858 541 2141 633 ἀδελφοὶ

137 653 259 715 τοῦ
300 647 627 734 βασιλέως
669 645 779 713 καὶ
824 650 1003 713 πάσα
1043 644 1086 731 ἡ
1131 643 1353 732 γενεά.
1411 643 1630 712 πάντα
1668 643 1798 731 γάρ
1835 640 2141 715 ’Λντίπα-

88 769 113 808 ⁸
140 775 291 836 τρος
330 741 441 835 ἦν,
494 750 609 817 καὶ
655 747 730 816 τὸ
770 745 1176 833 πικρότατον
1211 741 1657 835 Ἀλεξάνδρῳ,
1712 743 1932 812 πάντα
1970 737 2059 832 ἦν
2097 743 2142 833 ἡ

130 847 569 932 Ἀντιπάτρου
611 845 862 934 μήτηρ,
921 845 1310 932 σύμβουλος
1351 839 1500 910 κατ’
1550 838 1779 910 αὐτῶν
1820 849 2147 929 μητρυιᾶς

133 947 595 1034 χαλεπωτέρα,
645 945 756 1013 καὶ
791 942 1026 1012 πλεῖόν
1047 969 1113 1011 τι
1152 941 1514 1028 προγόνων
1556 945 1848 1027 μισοῦσα
1878 936 2039 1020 τούς
2067 941 2144 1008 ἐκ

137 1048 497 1131 βασιλίδος.
572 1042 820 1123 πάντες
853 1040 977 1129 μὲν
999 1032 1129 1109 οὖν
1151 1041 1260 1109 ἐπὶ
1277 1052 1421 1119 ταῖς
1441 1039 1702 1107 ἐλπίσιν
1720 1037 2144 1125 ἐθεράπευον

131 1139 567 1227 Ἀντίπατρον
608 1137 771 1228 ἤδη,
816 1143 1198 1226 συναφίστα
1244 1140 1320 1206 δὲ
1356 1138 1641 1206 ἕκαστον
1673 1163 1754 1205 τα
1788 1142 1929 1205 τοῦ
1945 1144 2143 1225 βασι-ι

68 1268 110 1309 ιι
137 1242 300 1320 λέως
342 1237 848 1327 προστάγματα,
914 1241 1481 1323 παραγγείλαντος
1534 1248 1675 1317 τοῖς
1725 1234 2145 1321 τιμιωτάτοις

137 1339 297 1425 μήτε
333 1341 685 1423 προσιέναι
726 1338 891 1425 μήτε
927 1338 1283 1424 προσέχειν
1324 1348 1462 1415 τοῖς
1494 1336 1646 1421 περὶ
1684 1331 2140 1420 Ἀλέξανδρον.

137 1433 428 1524 φοβερὸς
459 1435 539 1502 δὲ
569 1427 657 1523 ἦν
690 1432 773 1503 ού
801 1434 1019 1521 μόνον
1050 1446 1188 1514 τοῖς
1222 1433 1300 1501 ἐκ
1334 1439 1452 1519 τῆς
1482 1439 1822 1521 βασιλείας
1842 1430 2011 1503 ἀλλὰ
2033 1434 2144 1501 καὶ

136 1547 271 1615 τοῖς
327 1537 586 1615 ἔξωθεν
646 1539 899 1621 φίλοις·
965 1528 1202 1601 οὐδενὶ
1246 1529 1377 1618 γάρ
1428 1534 1761 1620 βασιλέων
1807 1529 2145 1618 τοσαύτην

140 1640 401 1719 Καῖσαρ
467 1637 676 1702 ἔδωκε
719 1630 921 1721 τιμὴν
965 1628 1139 1701 ὥστε
1188 1632 1311 1700 τὸν
1358 1627 1478 1699 ἀπ’
1526 1627 1744 1700 αὐτοῦ
1801 1629 2146 1719 φεύγοντα

69 1756 111 1798 13
139 1733 247 1800 καὶ
272 1733 362 1819 μὴ
393 1729 869 1818 προσηκούσης
896 1731 1156 1810 πόλεως
1181 1731 1545 1816 ἐξαγαγεῖν.
1612 1755 1694 1799 τα
1729 1729 1804 1798 δὲ
1832 1730 2146 1817 μειράκια

136 1829 251 1911 τὰς
272 1832 403 1919 μὲν
419 1828 795 1919 διαβολας’
760 1829 1028 1918 ηγνόει,
1067 1825 1229 1950 παρ’
1269 1854 1307 1897 ο
1280 1826 1441 1898 “nal
1464 1835 1719 1917 μᾶλλον
1744 1825 2148 1916 ἀφυλάκτως

136 1933 494 2001 ἐνέπιπτον
533 1926 767 2031 αὐταῖς
813 1926 1077 2022 (ουδενὶ
1117 1956 1247 2016 γαρ
1275 1924 1313 1997 6
1359 1925 1575 2016 πατὴρ
1625 1934 1938 2017 φανερώς
1979 1925 2146 1998 άπε-

136 2034 484 2121 μέμφετο),
525 2036 743 2098 συνίει
777 2030 851 2098 δὲ
885 2026 1053 2097 κατὰ
1096 2026 1344 2115 μικρὸν
1378 2030 1453 2096 ἐκ
1485 2033 1611 2096 τοῦ
1643 2026 1991 2115 ψύγματος
2033 2027 2147 2096 καὶ

136 2153 239 2195 οτι
260 2127 432 2214 πρὸς
450 2126 527 2195 τὸ
553 2133 821 2196 λυποῦν
840 2133 1097 2215 μᾶλλον
1116 2124 1535 2212 ἐτραχύνετο.
1577 2128 1851 2214 διέθηκε
1874 2126 1948 2194 δὲ
1975 2123 2147 2213 πρὸς

63 2244 109 2285 ²⁰
139 2221 310 2292 αύτα
334 2222 590 2292 καὶτὸν
611 2233 808 2293 θετον
832 2222 1159 2312 Φερώραν
1174 2220 1601 2307 Ἀντίπατρος
1624 2224 1979 2312 ἐχθρωδῶς
1993 2274 2013 2311 ,
2036 2224 2149 2292 καὶ

136 2322 261 2410 τὴν
293 2328 543 2410 τηθίδα
580 2324 944 2411 Σαλώμην,
988 2320 1081 2404 (ὃς
1121 2318 1210 2391 ἄν
1245 2320 1539 2411 γαμετὴν
1580 2314 1816 2411 οὖσαν,
1855 2332 2148 2411 καθομι-

136 2429 279 2490 λών
309 2419 416 2491 άεὶ
439 2425 551 2490 καὶ
570 2422 995 2511 παροξύνων.
1053 2421 1379 2509 συνήργει
1402 2423 1477 2489 δὲ
1500 2424 1612 2490 καὶ
1633 2416 1803 2508 πρὸς
1823 2419 1949 2509 τὴν
1980 2421 2146 2491 ταύ·

135 2547 252 2607 της
286 2518 657 2607 ἀπέχθειαν
693 2518 737 2608 ἡ
756 2518 1198 2608 Ἀλεξάνδρου
1221 2520 1398 2607 γυνὴ
1426 2518 1792 2608 Γλαφύρα,
1829 2528 2149 2606 γενεαλο-

137 2627 356 2706 γοῦσα
388 2619 514 2707 τὴν
537 2615 745 2707 αὐτῆς
780 2616 1149 2707 εὐγένειαν,
1191 2618 1305 2687 καὶ
1336 2615 1427 2698 ὥς
1449 2624 1684 2686 πασών
1711 2624 1850 2686 τών
1872 2617 2039 2686 κατὰ
2070 2618 2148 2685 τὰ

62 2740 108 2785 z
141 2725 486 2807 βασίλειον
508 2728 610 2806 εΐη
644 2720 989 2807 δεσπότις,
1031 2716 1198 2787 κατὰ
1234 2719 1483 2805 πατέρα
1511 2718 1636 2804 μὲν
1669 2714 1800 2785 άπὸ
1843 2718 2150 2805 Τημένου

138 2817 307 2887 κατὰ
366 2820 615 2905 μητέρα
668 2815 743 2886 δὲ
798 2814 932 2887 άπὸ
972 2822 1273 2905 Δαρείου
1334 2822 1459 2885 τοῦ
1493 2812 1904 2896 Ὑστάσπεως
1945 2808 2116 2884 οὖσα
2133 2842 2148 2856 ·

138 2913 358 2984 πολλοὶ
403 2914 479 2983 δὲ
525 2913 865 2997 ὠνείδιζεν
890 2921 984 2997 εἰς
1017 2918 1417 3002 δυσγένειαν
1437 2913 1564 3001 τήν
1583 2940 1658 2984 τε
1699 2911 2006 3002 ἀδελφὴν
2025 2909 2151 3000 τὴν

130 3012 442 3100 Ἡρώδου
485 3017 597 3084 καὶ
638 3014 757 3096 τὰς
798 3029 1158 3102 γυναῖκας,
1202 3007 1303 3083 ὧν
1333 3015 1574 3101 ἑκάστη
1599 3008 1691 3084 δι’
1749 3011 2151 3101 εὐμορφίαν,

139 3112 267 3183 οὐκ
303 3110 437 3182 άπὸ
477 3115 720 3199 γένους
741 3109 980 3203 ᾑρέθη.
1025 3114 1269 3181 πολλαὶ
1299 3112 1374 3180 δὲ
1405 3104 1600 3199 ἦσαν,
1646 3106 1736 3190 ὥς
1772 3105 1859 3178 ἂν
1882 3112 2152 3197 ἐφιεμέ-

62 3226 110 3269 2·
141 3239 270 3281 νου
292 3239 364 3282 τε
389 3218 684 3298 πατρίως
700 3209 1044 3294 Ἰουδαίοις
1067 3226 1306 3299 γαμεῖν
1330 3216 1624 3297 πλείους,
1666 3210 1779 3278 καὶ
1808 3215 1931 3278 τοῦ
1955 3216 2180 3298 βασι-·

138 3315 304 3393 λε’ως
324 3308 668 3398 ἡδομένου
689 3315 1015 3398 πλείοσιν,
1041 3316 1117 3378 αἳ
1138 3315 1344 3378 πᾶσαι
1356 3305 1469 3377 διὰ
1489 3306 1565 3376 τό
1592 3306 2015 3395 μεγάλαυχον
2032 3313 2152 3396 τῆς

140 3411 512 3499 Γλαφύρας
533 3411 644 3478 καὶ
666 3407 784 3490 τὰς
804 3413 1142 3498 λοιδορίας
1162 3411 1441 3498 ἐμίσουν
1457 3406 1912 3496 Ἀλέξανδρον.
