2450 3875
260 187 344 253 26
700 189 867 250 Tor
905 161 1388 250 IOYA'AIKOY
1427 185 1860 252 ΠΟΛΕΜΟΥ

261 347 349 437 ἣν
373 347 501 420 οῦκ
525 349 842 437 ἀντέσχεν
858 347 1404 439 Ἀριστόβουλος,
1445 347 1585 420 ἀλλ’
1614 354 1691 420 ἐν
1711 355 1795 440 τῇ
1827 349 2060 441 πρώτη
2092 371 2266 441 συμ-

262 456 432 539 βολῇ
460 451 765 536 λειφθεὶς
799 446 1335 537 είςἸεροσόλυμα
1356 450 1861 520 συνελαύνεται.
1931 446 2062 521 κᾶν
2085 457 2267 539 ἔφθη

262 554 430 618 κατὰ
456 549 699 637 κράτος
718 554 1038 637 ληφθείς,
1074 555 1137 619 εἰ
1165 547 1256 638 μὴ
1281 557 1600 637 Σκαῦρος
1630 547 1669 619 ὁ
1694 547 2033 639 Ῥωμαίων
2061 573 2269 636 στρα-

262 648 485 735 τηγός,
509 647 883 728 ἐπαναστὰς
904 645 1137 716 αὐτοῖν
1158 661 1296 729 τοῖς
1314 663 1594 735 καιροῖς,
1620 652 1818 720 ἔλυσε
1840 651 1965 738 τὴν
1987 660 2270 735 πολιορ-

262 754 449 816 κίαν·
500 744 577 829 ὂς
618 750 932 835 ἐπέμφθη
968 749 1093 834 μὲν
1129 753 1222 828 εἰς
1265 755 1533 833 Συρίαν
1573 747 1707 818 ἀπὸ
1745 746 2089 837 Ἀρμενίας
2129 747 2266 820 ὑπὸ
2299 771 2326 813 5

262 854 624 936 Πομπηίου
645 849 942 934 Μάγνου
961 854 1421 936 πολεμοῦντος
1450 846 1620 936 πρὸς
1654 849 2020 938 Τιγράνην,
2050 874 2272 935 παρα-

263 945 625 1033 γενόμενος
665 946 741 1014 δὲ
774 950 866 1027 είς
887 946 1262 1033 Δαμασκὸν
1296 946 1671 1015 ἑαλωκυῖαν
1704 946 2111 1036 προσφάτως
2132 945 2269 1017 ὑπὸ

265 1048 619 1114 Μετέλλου
642 1044 751 1113 καὶ
772 1050 1090 1134 Λολλίου,
1119 1045 1234 1113 καὶ
1256 1046 1543 1125 τούτους
1567 1046 1999 1134 μεταστήσας,
2037 1048 2271 1133 ἐπειδὴ

264 1142 346 1212 τὰ
376 1142 543 1213 κατὰ
576 1141 702 1231 τὴν
728 1142 1055 1213 Ἰουδαίαν
1104 1143 1427 1231 ἐπύθετο,
1491 1141 1800 1232 καθάπερ
1843 1142 1954 1231 ἐφ’
1992 1146 2273 1233 ἕρμαιον

265 1242 576 1332 ἠπείχθη.
2305 1263 2348 1304 ιο

205 1359 244 1415 3
438 1342 899 1430 παρελθόντος
934 1348 1107 1428 γοῦν
1145 1346 1240 1423 εἰς
1263 1341 1390 1429 τὴν
1410 1339 1638 1430 χώραν
1671 1346 1982 1433 πρέσβεις
2010 1341 2271 1425 εὐθέως

263 1435 434 1531 ἧκον
459 1439 638 1528 παρὰ
673 1466 811 1508 των
846 1437 1186 1528 άδελφων,
1237 1442 1553 1530 ἑκατέρου
1581 1448 1867 1530 βοηθεῖν
1897 1440 2082 1534 αὐτῷ
2115 1446 2270 1511 δεο-

264 1544 499 1629 μένου.
589 1545 843 1626 γίνεται
890 1536 961 1607 δ’
1019 1541 1439 1626 ἐπίπροσθεν
1484 1544 1609 1606 τοῦ
1656 1543 1923 1609 δικαίου
1966 1539 2049 1608 τὰ
2087 1537 2270 1657 παρὰ

259 1638 784 1727 Ἀριστοβούλου
801 1637 1151 1721 τριακόσια
1175 1636 1500 1705 τάλαντα·
1539 1644 1868 1707 τοσοῦτον
1885 1636 2016 1725 γὰρ
2038 1635 2271 1727 λαβων

268 1744 585 1826 Σκαῦρος
631 1738 1188 1825 ἐπικηρυκεύεται
1250 1737 1419 1823 πρός
1468 1762 1541 1807 τε
1574 1734 1900 1827 Ὑρκανὸν
1946 1741 2059 1808 καὶ
2107 1766 2269 1822 τους
2306 1760 2351 1803 ιι

263 1836 588 1926 Ἄραβας,
623 1834 919 1905 ἀπειλῶν
954 1833 1314 1924 Ῥωμαίους
1348 1836 1459 1904 καὶ
1494 1836 1876 1924 Πομπήιον,
1926 1843 1989 1906 εἰ
2017 1836 2109 1925 μὴ
2143 1840 2273 1910 λύ-

264 1957 458 2008 σειαν
495 1934 621 2023 τὴν
663 1941 1076 2024 πολιορκίαν.
1154 1933 1539 2023 ἀνεχώρησε
1574 1932 1642 2005 δ’
1683 1938 1759 2005 ἐκ
1796 1943 1916 2024 τῆς
1947 1933 2273 2019 Ἰουδαίας

268 2042 363 2118 είς
402 2038 897 2123 Φιλαδέλφειαν
937 2032 1199 2121 Ἀρέτας
1243 2026 1721 2123 καταπλαγείς,
1775 2037 1890 2104 καὶ
1930 2037 2138 2104 πάλιν
2182 2041 2275 2115 είς

268 2135 639 2223 Δαμασκὸν
683 2140 1019 2223 Σκαῦρος.
1099 2131 1592 2227 Ἀριστοβούλῳ
1644 2139 1685 2203 δ
1694 2132 1712 2159 ’
1758 2131 1885 2204 οὐκ
1939 2133 2272 2224 ἀπέχρησε

268 2233 345 2305 τὸ
397 2233 487 2322 μὴ
543 2230 797 2303 ἁλῶναι
814 2285 835 2321 ,
897 2239 1120 2301 πᾶσαν
1173 2232 1250 2301 δὲ
1302 2232 1429 2320 τὴν
1485 2232 1785 2322 δύναμιν
1839 2237 2270 2315 ἐπισυλλέξας
2298 2251 2348 2293 ²⁰

268 2336 488 2402 εἵπετο
531 2345 670 2413 τοῖς
711 2337 1085 2420 πολεμίοις,
1139 2334 1252 2399 καὶ
1293 2334 1448 2418 περὶ
1488 2331 1612 2404 τὸν
1655 2332 2081 2420 καλούμενον
2126 2340 2275 2402 Πα-

266 2436 551 2517 πυρῶνα
607 2431 973 2519 συμβαλών
1027 2426 1257 2511 αὐτοῖς
1310 2428 1487 2519 ὑπὲρ
1560 2433 2040 2519 ἑξακισχιλίους
2092 2439 2275 2501 κτεί-

163 2530 182 2550 “
264 2555 407 2617 νει,
451 2525 611 2617 μεθ’
646 2521 745 2598 ὦν
775 2530 886 2597 καὶ
921 2526 1047 2598 τὸν
1082 2526 1387 2616 ἀδελφὸν
1416 2527 1541 2599 τὸν
1574 2527 2049 2618 Ἀντιπάτρου,
2083 2538 2272 2600 Φαλ-

265 2637 493 2697 λίωνα.

199 2742 237 2796 4
424 2725 744 2815 ‘Toxoevdg
791 2725 868 2795 δὲ
910 2727 1024 2795 καὶ
1059 2722 1487 2813 Ἀντίπατρος
1539 2752 1681 2796 των
1714 2725 2018 2816 Ἀράβων
2061 2722 2345 2815 άφαι-Β

270 2829 605 2915 ρεθέντες,
628 2828 995 2915 μετέφερον
1019 2826 1128 2894 ἐπὶ
1146 2851 1309 2907 τους
1332 2829 1685 2907 ἐναντίους
1712 2825 1837 2912 τὴν
1858 2828 2114 2894 ἐλπίδα.
2159 2825 2270 2893 καὶ

264 2925 496 3012 ἐπειδη
516 2924 871 3012 Πομπήιος
901 2921 1112 2992 ἐπιων
1133 2924 1262 3009 τὴν
1277 2932 1545 3005 Συρίαν
1569 2928 1662 3003 είς
1683 2923 2053 3004 Δαμασκὸν
2080 2913 2267 3005 ἧκεν,

263 3019 368 3090 ἐπ’
406 3020 622 3089 αὐτόν
649 3022 1189 3106 καταφεύγουσι·
1227 3020 1340 3087 καὶ
1361 3021 1512 3102 δίχα
1540 3015 1801 3103 δώρων,
1836 3010 1942 3097 αἷς
1964 3016 2076 3085 καὶ
2096 3011 2267 3099 πρὸς

254 3116 526 3202 Ἀρέταν
544 3118 1025 3198 δικαιολογίαις
1053 3138 1410 3202 χρωμενοι,
1435 3114 1970 3203 κατηντιβόλουν
1989 3120 2264 3201 μισῆσαι

261 3215 386 3298 μὲν
410 3213 536 3299 τὴν
568 3209 1090 3301 Ἀριστοβούλου
1124 3218 1303 3301 βίαν,
1336 3214 1655 3301 κατάγειν
1678 3211 1744 3283 δ’
1769 3215 1879 3282 ἐπὶ
1908 3238 2033 3300 την
2063 3220 2243 3301 βασι-
2289 3238 2341 3280 ao

262 3315 450 3378 λείαν
483 3310 606 3379 τὸν
637 3312 751 3379 καὶ
785 3317 878 3403 τῷ
904 3311 1133 3404 τρόπῳ
1160 3317 1275 3381 καὶ
1304 3313 1467 3383 καθ’
1501 3311 1772 3402 ἡλικίαν
1815 3312 2259 3401 προσήκοντα.

260 3404 347 3476 οὐ
408 3407 543 3493 μὴν
586 3405 739 3478 οὐδ’
802 3408 840 3478 ὁ
877 3407 1388 3501 Ἀριστόβουλος
1441 3411 1747 3504 ὑστέρει,
1798 3411 2144 3494 πεποιθὸς
2184 3416 2265 3499 τῇ
