2450 3875
312 176 431 240 102
713 178 880 239 ΤΟΥ
930 175 1409 239 IOYAAIKOY
1460 177 1895 242 ΠΟΛΕΜΟΥ

312 339 389 409 δὲ
423 336 546 407 τὸν
582 338 1019 428 φρούραρχον
1051 335 1356 425 Ἡρώδης
1391 335 1597 408 οὐδὲν
1623 336 1918 428 ἤκουσεν
1958 336 2122 410 οὐδὲ
2162 329 2308 426 παρ’

317 441 584 508 ἐκείνου
610 444 748 506 τών
779 441 1348 526 διαβεβλημένων.

256 550 294 604 4
487 536 656 608 ἀλλὰ
691 543 906 608 καίτοι
937 536 1098 620 τούς
1120 539 1430 625 ἐλέγχους
1453 535 1787 625 εὑρίσκων
1804 537 2138 626 ἀσθενεῖς,
2163 540 2318 620 τούς

315 637 510 719 υἱούς
554 639 860 708 ἐκέλευσε
905 651 1165 726 τηρεῖν,
1214 642 1312 706 ἔτι
1342 639 1569 725 μέντοι
1612 641 2050 726 λελυμένους·
2093 638 2218 707 τὸν
2245 636 2318 707 δὲ

313 744 628 825 λυμεῶνα
656 744 781 826 τῆς·
801 743 1012 818 οἰκίας
1040 740 1150 805 καὶ
1180 735 1700 825 δραματουργὸν
1720 736 1887 807 ὅλου
1910 744 2035 807 τοῦ
2058 738 2315 827 μύσους
2344 759 2370 799 ⁶

315 836 705 927 Εὐρυκλέα,
754 844 1022 926 σωτῆρα
1058 838 1171 905 καὶ
1212 835 1571 925 εὐεργέτην
1611 844 1870 927 καλῶν,
1904 841 2321 926 πεντήκοντα

318 943 628 1024 δωρεῖται
651 936 1022 1017 ταλάντοις.
1090 962 1126 1005 ο
1098 932 1227 1005 “δὲ
1257 936 1380 1023 τὴν
1403 934 1646 1026 ἀκριβῆ
1672 939 1906 1026 φήμην
1929 937 2205 1026 φθάσας
2233 943 2322 1019 εἰς

318 1041 810 1108 Καππαδοκίαν
854 1033 1273 1124 ἀργυρίζεται
1317 1036 1427 1103 καὶ
1460 1033 1610 1122 παρ’
1643 1032 2034 1135 Ἀρχελάου,
2074 1038 2323 1126 τολμή-

319 1156 440 1217 σας
482 1142 694 1205 εἰπεῖν
754 1160 859 1203 οτι
921 1136 1031 1202 καὶ
1076 1134 1488 1215 διαλλάξειεν
1522 1127 1833 1223 Ἡρώδην
1890 1132 2320 1227 Ἀλεξάνδρω-

318 1237 557 1322 διάρας
597 1234 674 1304 δὲ
715 1239 808 1316 είς
841 1232 967 1322 τὴν
983 1231 1265 1303 Ἐλλάδα
1292 1247 1431 1315 τοῖς
1462 1237 1536 1304 ἐκ
1578 1241 1806 1305 κακῶν
1847 1247 2199 1324 κτηθεῖσιν
2235 1240 2324 1315 είς
2355 1253 2397 1296 ¹⁰

319 1363 519 1424 ομοια
553 1333 1034 1422 κατεχρήσατο·
1080 1334 1182 1413 δὶς
1224 1338 1400 1419 γοῦν
1437 1337 1546 1402 ἐπὶ
1579 1340 1919 1422 Καίσαρος
1962 1360 2325 1423 κατηγορη-

322 1438 472 1517 θεὶς
504 1437 612 1503 ἐπὶ
630 1440 723 1526 τῷ
743 1432 1034 1514 στάσεως
1054 1434 1383 1520 ἐμπλῆσαι
1409 1432 1533 1521 τὴν
1548 1431 1817 1521 Ἀχαΐαν
1844 1437 1955 1503 καὶ
1977 1433 2329 1521 περιδύειν

324 1532 440 1616 τὰς
472 1535 700 1613 πόλεις
730 1531 1204 1619 φυγαδεύεται.

495 1631 811 1703 κάκεῖνον
868 1631 994 1720 μὲν
1057 1627 1274 1711 οὕτως
1325 1626 1368 1717 ἡ
1420 1627 1938 1719 Ἀριστοβούλου
1996 1630 2108 1699 καὶ
2146 1627 2329 1699 Ἀλε-

246 1753 281 1806 5
325 1737 619 1823 ξάνδρου
685 1729 886 1819 ποινὴ
934 1737 1336 1819 περιῆλθεν,
1405 1727 1596 1813 αξιον
1651 1732 1726 1799 δὲ
1773 1728 2150 1799 ἀντιθεῖναι
2209 1730 2330 1798 τὸν
2357 1749 2402 1793 ιι

323 1843 527 1929 Κῷον
571 1831 928 1921 Εύάρατον
962 1837 1055 1923 τῷ
1087 1829 1514 1921 Σπαρτιάτῃ·
1560 1834 1673 1900 καὶ
1718 1829 1845 1917 γὰρ
1895 1822 2095 1911 οὗτος
2127 1856 2232 1899 ων
2259 1830 2331 1898 έν

326 1951 465 2018 τοῖς
494 1934 776 2025 μάλιστα
799 1939 992 2020 φίλος
1009 1927 1441 2022 Ἀλεξάνδρῳ,
1472 1930 1583 1999 καὶ
1605 1956 1771 1999 κατα
1799 1928 1921 1999 τὸν
1944 1927 2159 1999 αὐτὸν
2189 1926 2332 2000 Εὖ·

325 2044 562 2125 ρυκλεῖ
578 2032 819 2121 καιρὸν
831 2029 1263 2119 ἐπιδημήσας,
1279 2032 1775 2123 πυνθανομένῳ
1790 2056 1881 2099 τω
1851 2036 2165 2119 βασιλεῖ
2181 2031 2334 2117 περὶ

329 2130 429 2206 ών
452 2138 702 2214 ἐκεῖνος
725 2128 1146 2219 διέβαλλεν“
1106 2155 1337 2217 ορκοις
1357 2130 1573 2217 μηδὲν
1603 2101 1960 2217 ἀκηκοέναι
1992 2153 2175 2216 παρα
2197 2133 2335 2198 τών

324 2238 687 2324 μειρακίων
700 2231 1128 2300 ἐπιστώσατο.
1160 2226 1246 2298 ού
1269 2226 1405 2316 μὴν
1422 2224 1641 2315 ωνησε
1660 2233 1738 2314 γέ
1751 2255 1815 2296 τι
1837 2226 1996 2309 τοὺς
2013 2223 2329 2309 ἀθλίους·
2353 2244 2403 2289 ²⁰

324 2336 555 2423 μόνων
582 2359 708 2421 γαρ
744 2323 833 2418 ἦν
874 2336 1012 2399 τών
1048 2334 1279 2397 κακῶν
1310 2324 1639 2416 ἀκροατὴς
1673 2325 2128 2414 ἑτοιμότατος*
2125 2326 2332 2416 Ηρώ-

324 2440 477 2522 δης,
522 2436 630 2502 καὶ
679 2432 1151 2519 κεχαρισμένος
1208 2426 1394 2519 αύτῷ
1445 2432 1575 2508 πᾶς
1611 2422 1649 2496 ὁ
1702 2428 2183 2516 συμπιστεύων
2223 2427 2333 2496 καὶ

326 2554 884 2620 συναγανακτων.
983 2562 993 2571 ·

192 2642 305 2709 ·27
497 2632 852 2719 παρώξυνε
892 2633 965 2700 δὲ
1001 2625 1218 2698 αὐτοῦ
1248 2628 1359 2695 καὶ
1398 2621 1694 2710 Σαλώμη
1735 2622 1860 2711 τὴν
1900 2624 2008 2692 ἐπὶ
2041 2635 2184 2704 τοῖς
2226 2624 2333 2692 τέ·-

328 2760 515 2814 κνοις
555 2730 917 2819 ώμότητα..
954 2728 1207 2814 ταύτην
1236 2724 1366 2812 γὰρ
1403 2722 1871 2809 συνδήσασθαι
1910 2734 2049 2804 τοῖς
2090 2721 2333 2792 κινδύ-
2360 2730 2406 2773 ²⁵

328 2859 475 2914 νοις
509 2829 544 2901 ὁ
572 2829 1083 2918 Ἀριστόβουλος
1108 2827 1372 2912 θέλων,
1404 2814 1620 2891 ούσαν
1625 2820 1895 2942 *ἑκυρὰν
1926 2822 2037 2890 καὶ
2062 2826 2330 2909 τηθίδα,

329 2933 765 3017 διαπέμπεται
809 2927 1043 3007 σώζειν
1086 2920 1305 3011 αὑτὴν
1346 2926 1728 3009 παραινών·
1787 2923 2335 3009 παρεσκευάσθαι

329 3055 463 3116 γαρ
506 3028 782 3117 βασιλέα
824 3029 1107 3094 κτείνειν
1149 3020 1367 3110 αὐτην
1406 3025 1891 3109 διαβληθεῖσαν
1933 3019 2035 3108 ἐφ’
2080 3015 2185 3101 οἷς
2225 3022 2335 3088 καὶ

327 3127 693 3213 πρότερον,
732 3149 836 3194 οτι
880 3128 1194 3216 Συλλαίω
1241 3148 1335 3190 τω
1359 3119 1600 3209 Ἀραβι
1646 3118 1986 3208 γήμασθαι
2029 3117 2336 3188 σπουδά-

328 3232 533 3308 ζουσα
592 3226 818 3316 λάθρᾳ
867 3249 947 3293 τα
1003 3229 1129 3291 τοῦ
1183 3223 1509 3311 βασιλέως
1557 3217 1905 3308 ἀπόρρητα
1954 3223 2335 3307 διαγγέλλοι
2362 3240 2410 3282 ει

329 3323 500 3408 πρὸς
530 3323 744 3393 αὐτὸν
767 3323 1018 3411 ἐχθρὸν
1040 3321 1223 3392 ὄντα.
1280 3318 1474 3392 τοῦθ’
1502 3317 1728 3406 ὥσπερ
1751 3324 2099 3389 τελευταία
2121 3317 2338 3387 θύελ-

334 3430 418 3489 λα
453 3425 963 3509 χειμαζομένους
998 3421 1160 3504 τοῦς
1184 3428 1584 3503 νεανίσκους
1612 3416 2088 3507 ἐπεβάπτισεν·
2129 3413 2174 3505 ἡ
2205 3414 2335 3509 γὰρ
