2450 3875
836 193 1129 253 ΛΟΓΟΣ
1168 195 1474 255 ΤΡΙΤΟΣ
2020 196 2141 259 275

140 351 263 440 τὴν
325 348 660 441 ἀδόκητον
717 359 853 431 τῶν
897 350 1240 421 Ἰουδαίων
1292 356 1579 443 τόλμαν,
1633 355 1869 443 φεύγει
1926 357 2137 447 πεζός,
2167 430 2174 436 ,

141 451 361 538 ἕτεροί
392 477 464 520 τε
495 449 741 539 ὁμοίως
774 453 976 519 πέντέ
1004 449 1165 532 τοῦς
1202 455 1455 533 ἵππους
1487 451 1845 521 ἀπέλιπον·
1907 451 2029 536 οῦς
2073 460 2143 543 οἰ

142 552 293 635 περὶ
336 549 458 618 τὸν
492 546 752 637 Ἰησοῦν
793 546 1145 635 ἀπήγαγον
1192 554 1286 628 εἰς
1328 548 1453 636 τὴν
1495 551 1694 620 πόλιν
1750 552 2134 641 γεγηθότες,

141 646 364 737 ὥσπερ
398 651 571 738 μάχῃ
614 654 996 735 ληφθέντας
1010 699 1030 734 ,
1081 645 1209 716 οὐκ
1253 650 1508 740 ἐνέδρᾳ.

81 767 109 808 ⁵
311 756 512 818 τοῦτο
567 752 1072 827 καταδείσαντες
1132 752 1202 816 oc
1247 753 1512 837 γηραιοὶ
1579 758 1703 819 τοῦ
1765 752 1983 838 δήμου
2034 752 2145 819 καὶ
2178 771 2215 826 8
2438 808 2439 841 ἲ

138 849 462 932 προύχειν
495 850 857 924 δοκοῦντες
885 845 1220 931 φεύγουσι
1253 848 1379 933 μὲν
1408 853 1501 928 είς
1532 847 1606 916 τὸ
1643 855 1781 917 τῶν
1803 847 2138 935 Ῥωμαίων
2438 846 2439 851 ’

136 943 624 1030 στρατόπεδον,
675 943 1077 1029 ἐπαγόμενοι
1116 946 1189 1012 δὲ
1225 943 1347 1014 τόν
1379 950 1651 1033 βασιλέα
1676 952 2137 1034 προσπίπτου-
2226 952 2235 960 “

136 1063 249 1111 σιν
288 1046 493 1111 ἱκέται
550 1040 1021 1132 Ἐεσπασιανῷ,
1086 1043 1176 1131 μὴ
1222 1052 1398 1131 σφᾶς
1441 1051 1766 1131 περιιδεῖν
1807 1046 2135 1134 δεόμενοι,
2194 1102 2201 1109 ,

132 1142 304 1230 μηδὲ
335 1141 460 1229 τὴν
491 1141 739 1229 ὀλίγων
762 1140 1093 1211 ἀπόνοιαν
1114 1140 1495 1230 ἡγήσασθαι
1520 1151 1637 1231 τῆς
1672 1146 1927 1226 πόλεως
1953 1142 2134 1231 ὅλης,

49 1265 99 1304 1⁰
133 1249 504 1329 φείσασθαι
529 1245 610 1331 δὲ
638 1249 762 1311 τοῦ
792 1243 1011 1329 δήμου
1028 1239 1367 1330 Ῥωμαίοις
1388 1253 1969 1331 φιλοφρονοῦντος
2012 1244 2134 1331 ἀεί,

130 1344 248 1410 καὶ
289 1340 450 1421 τοῦς
491 1346 742 1422 αἰτίους
782 1342 1290 1429 τιμωρήσασθαι
1333 1350 1449 1429 τῆς
1490 1340 1951 1431 ἀποστάσεως,
2005 1341 2130 1431 ὑφ’

126 1433 236 1509 «ἦν
282 1438 473 1509 αὐτοὶ
517 1442 1002 1527 φρουρηθῆναι
1046 1444 1234 1527 μέχρι
1263 1446 1426 1527 νῦν,
1473 1444 1580 1509 ἐπὶ
1621 1441 1839 1522 δεξιὰς
1871 1441 2137 1528 ἐπειγό·

123 1566 328 1629 μενοι
388 1543 611 1609 πάλαι.
691 1540 964 1621 ταύταις
1007 1543 1313 1609 ἐνεδίδου
1356 1554 1497 1621 ταῖς
1539 1545 1812 1621 ἱκεσίαις
1853 1538 1890 1610 ὁ
1936 1561 2138 1627 στρα-

119 1640 367 1726 τηγός,
403 1646 616 1708 καίτοι
640 1636 751 1707 διὰ
773 1635 898 1724 τὴν
920 1635 1231 1725 ἁρπαγὴν
1252 1644 1389 1704 τῶν
1410 1641 1635 1706 ἵππων
1661 1637 1771 1725 ἐφ’
1802 1635 1970 1725 ὅλην
2000 1635 2137 1724 ‹³39-
2156 1690 2173 1695 -

35 1763 88 1804 15
124 1740 448 1826 γισμένος
467 1737 593 1825 τὴν
619 1736 818 1806 πόλιν
835 1766 849 1780 ·
896 1737 1158 1824 καὶγὰρ
1182 1734 1575 1823 ἀγωνιῶντα
1608 1741 1762 1823 περὶ
1780 1735 1986 1824 αὐτῆς
2015 1735 2137 1806 τόν

113 1836 502 1926 Ἀγρίππαν
546 1836 743 1923 ἑώρα.
811 1836 1160 1924 λαβόντων
1188 1835 1262 1904 δὲ
1284 1836 1544 1902 τούτων
1568 1841 1660 1926 τῷ
1678 1835 1865 1927 δήμφ
1896 1838 2134 1923 δεξιάς,

119 1942 201 2007 οἱ
242 1939 400 2024 περὶ
440 1935 562 2007 τόν
596 1934 856 2025 Ἰησοῦν
902 1931 1127 2003 οὐκέτι
1167 1929 1462 2020 ἀσφαλὲς
1501 1929 1865 2021 ἡγούμενοι
1906 1935 2136 2021 μένειν

118 2043 240 2110 ἐπὶ
282 2046 400 2126 τῆς
429 2039 855 2128 Τιβεριάδος,
886 2044 978 2119 εἰς
1007 2041 1324 2126 Ταριχέας
1354 2032 1945 2124 ἀποδιδράσκουσι.
2020 2036 2131 2104 καὶ
2226 2067 2233 2085 =

118 2137 292 2230 μεθ’
327 2138 584 2227 ἡμέραν
600 2137 1058 2219 ’ὅεσπασιανὸς
1092 2136 1224 2205 σὺν
1247 2142 1523 2206 ἱππεῦσι
1561 2138 1933 2225 προπέμπει
1964 2136 2135 2227 πρὸς

15 2262 90 2303 2ο
124 2239 264 2327 τὴν
284 2236 666 2325 ἀκρώρειαν
697 2237 1056 2325 Τραϊανόν,
1096 2235 1639 2323 ἀποπειραθῆναι
1672 2243 1796 2304 τοῦ
1831 2235 2137 2324 πλήθους

122 2344 192 2408 εἰ
208 2337 456 2417 πάντες
478 2334 778 2424 εἰρηνικὰ
801 2349 1144 2423 φρονοῖεν.
1201 2331 1293 2415 ὦς
1316 2335 1387 2402 δὲ
1412 2338 1585 2420 ἔγνω
1607 2332 1727 2401 τὸν
1746 2338 1962 2421 δῆμον
1982 2331 2136 2423 ὁμο-

119 2442 430 2505 νοοῦντα
465 2449 603 2515 τοῐς
634 2436 909 2524 ἱκέταις,
953 2433 1312 2525 ἀναλαβών
1340 2432 1463 2521 τὴν
1504 2435 1795 2521 δύναμιν
1822 2433 1927 2523 ᾔει
1969 2434 2137 2523 πρὸς

122 2535 262 2621 τὴν
290 2532 506 2602 πόλιν.
565 2539 636 2600 οἳ
652 2534 726 2601 δὲ
747 2533 865 2614 τάς
886 2559 957 2602 τε
981 2535 1195 2615 πύλας
1217 2529 1610 2619 ἀνοίγουσιν
1631 2530 1844 2624 αὐτῷ,
1868 2535 1977 2600 καὶ
1999 2529 2133 2618 μετ’

124 2633 494 2722 εὐφημιῶν
518 2629 861 2720 ὑπήντων,
908 2639 1172 2722 σωτῆρα
1195 2634 1306 2701 καὶ
1329 2629 1690 2718 εὐεργέτην
1712 2629 2136 2699 ἀνακαλοῦν·

12 2767 76 2809 εσ
124 2762 264 2817 τες.
321 2739 436 2820 τῆς
471 2735 544 2801 δὲ
570 2740 879 2820 στρατιᾶς
915 2736 1314 2823 τριβομένης
1347 2732 1498 2816 περὶ
1540 2728 1664 2817 τὴν
1685 2737 1821 2798 τοῖν
1854 2731 2137 2799 εἰσόδων

120 2831 531 2919 στενότητα,
579 2834 995 2920 παραρρῆξαι
1037 2838 1160 2899 τοῦ
1207 2828 1373 2898 κατὰ
1412 2826 1536 2915 τὴν
1565 2835 1980 2915 μεσημβρίαν
2002 2832 2137 2895 τεί-

117 2960 295 3023 χους
321 2929 791 3011 ’δεσπασιανὸς
817 2930 1138 3010 κελεύσας
1168 2928 1488 2999 πλατύνει
1516 2926 1643 3014 τὴν
1674 2925 1988 3013 εἰσβολὴν
2012 2922 2137 3016 m}

118 3045 308 3112 τοῖς·
338 3027 639 3117 ἁρπαγῆς
637 3032 889 3116 μέντοι
907 3032 1019 3098 καὶ
1033 3025 1299 3148 ὕβρεως
1326 3025 1690 3111 ἀπέχεσθαι
1711 3023 2134 3112 παρήγγειλε,

117 3160 224 3227 τω
190 3137 507 3219 ’βασιλεῖ
521 3130 981 3218 χαριζόμενος,
1017 3154 1156 3196 των
1176 3152 1248 3195 τε
1282 3151 1521 3213 τειχων
1547 3120 1661 3192 διὰ
1684 3128 1928 3191 τοῦτον
1950 3125 2136 3210 ἐφεί-

12 3265 58 3305 ο
118 3252 322 3318 σατο,
335 3241 699 3315 συμμενεῖν
726 3226 892 3315 πρὸς
914 3225 987 3295 τὸ
1013 3225 1255 3296 λοιπὸν
1277 3224 1707 3311 ἐγγυωμένου
1728 3219 1888 3302 τοῦς
1912 3224 1987 3290 ἐν
2010 3219 2136 3290 αύ-

113 3343 293 3416 vocs,
321 3327 433 3395 καὶ
444 3325 524 3395 τά
537 3323 706 3396 ἄλλα
729 3328 1204 3414 κεκακωμένην
1221 3321 1349 3412 τὴν
1376 3323 1577 3392 πόλιν
1606 3322 1679 3388 ἐκ
1708 3325 1825 3408 τῆς
1846 3320 2136 3403 στάσεως

103 3427 613 3513 ἀνελάμβανεν.
1623 3527 1695 3590 18

1710 3530 1746 3570 a:
